@Article{chen_when_2018,
  title = {When Mere Action versus Inaction Leads to Robust Preference Change},
  language = {en},
  doi = {10.17605/OSF.IO/ZY9W3},
  author = {Zhang Chen and Rob Holland and Julian Quandt and Ap Dijksterhuis and Harm Veling},
  month = {jul},
  year = {2018},
  file = {/Users/loukia/Zotero/storage/BQPCHUMY/zy9w3.html},
}
@Manual{R-base,
  title = {R: A Language and Environment for Statistical Computing},
  author = {{R Core Team}},
  organization = {R Foundation for Statistical Computing},
  address = {Vienna, Austria},
  year = {2017},
  url = {https://www.R-project.org/},
}
@Book{R-bookdown,
  title = {bookdown: Authoring Books and Technical Documents with {R} Markdown},
  author = {Yihui Xie},
  publisher = {Chapman and Hall/CRC},
  address = {Boca Raton, Florida},
  year = {2016},
  note = {ISBN 978-1138700109},
  url = {https://github.com/rstudio/bookdown},
}
@Manual{R-devtools,
  title = {devtools: Tools to Make Developing R Packages Easier},
  author = {Hadley Wickham and Jim Hester and Winston Chang},
  year = {2018},
  note = {R package version 2.0.1},
  url = {https://CRAN.R-project.org/package=devtools},
}
@Manual{R-dplyr,
  title = {dplyr: A Grammar of Data Manipulation},
  author = {Hadley Wickham and Romain François and Lionel Henry and Kirill Müller},
  year = {2019},
  note = {R package version 0.8.0.1},
  url = {https://CRAN.R-project.org/package=dplyr},
}
@Book{R-ggplot2,
  author = {Hadley Wickham},
  title = {ggplot2: Elegant Graphics for Data Analysis},
  publisher = {Springer-Verlag New York},
  year = {2016},
  isbn = {978-3-319-24277-4},
  url = {http://ggplot2.org},
}
@Manual{R-kableExtra,
  title = {kableExtra: Construct Complex Table with 'kable' and Pipe Syntax},
  author = {Hao Zhu},
  year = {2019},
  note = {R package version 1.1.0},
  url = {https://CRAN.R-project.org/package=kableExtra},
}
@Book{R-knitr,
  title = {Dynamic Documents with {R} and knitr},
  author = {Yihui Xie},
  publisher = {Chapman and Hall/CRC},
  address = {Boca Raton, Florida},
  year = {2015},
  edition = {2nd},
  note = {ISBN 978-1498716963},
  url = {https://yihui.name/knitr/},
}
@Manual{R-papaja,
  author = {Frederik Aust and Marius Barth},
  title = {{papaja}: {Create} {APA} manuscripts with {R Markdown}},
  year = {2018},
  note = {R package version 0.1.0.9842},
  url = {https://github.com/crsh/papaja},
}
@Manual{R-usethis,
  title = {usethis: Automate Package and Project Setup},
  author = {Hadley Wickham and Jennifer Bryan},
  year = {2018},
  note = {R package version 1.4.0},
  url = {https://CRAN.R-project.org/package=usethis},
}
@Article{strack_reflective_2004,
  title = {Reflective and {{Impulsive Determinants}} of {{Social Behavior}}},
  volume = {8},
  language = {en},
  number = {3},
  journal = {Personality and Social Psychology Review},
  author = {Fritz Strack and Roland Deutsch},
  year = {2004},
  pages = {28},
  file = {/Users/loukia/Zotero/storage/FCMCYAD8/Strack and Deutsch - Reflective and Impulsive Determinants of Social Be.pdf},
}
@Article{nederkoorn_specificity_2012,
  title = {Specificity of the Failure to Inhibit Responses in Overweight Children},
  volume = {59},
  issn = {01956663},
  number = {2},
  journal = {Appetite},
  doi = {10.1016/j.appet.2012.05.028},
  author = {Chantal Nederkoorn and Jennifer S. Coelho and Ramona Guerrieri and Katrijn Houben and Anita Jansen},
  year = {2012},
  keywords = {Self-control,Obesity,Impulsivity,Exposure,Food cue,Specificity},
  pages = {409--413},
  file = {/Users/loukia/Zotero/storage/NZCVBSWC/Nederkoorn et al. - 2012 - Specificity of the failure to inhibit responses in overweight children.pdf},
  pmid = {22664299},
}

@Article{lawrence_nucleus_2012-1,
  title = {Nucleus Accumbens Response to Food Cues Predicts Subsequent Snack Consumption in Women and Increased Body Mass Index in Those with Reduced Self-Control},
  volume = {63},
  issn = {1053-8119},
  number = {1},
  journal = {NeuroImage},
  doi = {10.1016/j.neuroimage.2012.06.070},
  author = {Natalia S. Lawrence and Elanor C. Hinton and John A. Parkinson and Andrew D. Lawrence},
  month = {oct},
  year = {2012},
  keywords = {Food,Motivation,Nucleus accumbens,Reward,Consumption,Body mass index},
  pages = {415-422},
  file = {/Users/loukia/Zotero/storage/TD6CHT9H/Lawrence et al. - 2012 - Nucleus accumbens response to food cues predicts s.pdf;/Users/loukia/Zotero/storage/Q9UPRF54/S1053811912006866.html},
}
@Article{kakoschke_impulsivity_2017,
  title = {Impulsivity Moderates the Effect of Approach Bias Modification on Healthy Food Consumption},
  volume = {117},
  issn = {0195-6663},
  journal = {Appetite},
  doi = {10.1016/j.appet.2017.06.019},
  author = {Naomi Kakoschke and Eva Kemps and Marika Tiggemann},
  month = {oct},
  year = {2017},
  keywords = {Food,Eating behaviour,Impulsivity,Approach bias modification,Consumption},
  pages = {117-125},
  file = {/Users/loukia/Zotero/storage/F3PBUM3M/Kakoschke et al. - 2017 - Impulsivity moderates the effect of approach bias .pdf;/Users/loukia/Zotero/storage/DFM3CVLW/S0195666316306778.html},
}
@Article{kakoschke_combined_2015-1,
  title = {Combined Effects of Cognitive Bias for Food Cues and Poor Inhibitory Control on Unhealthy Food Intake},
  volume = {87},
  issn = {01956663},
  language = {en},
  journal = {Appetite},
  doi = {10.1016/j.appet.2015.01.004},
  author = {Naomi Kakoschke and Eva Kemps and Marika Tiggemann},
  month = {apr},
  year = {2015},
  pages = {358-364},
  file = {/Users/loukia/Zotero/storage/SKBA8UTR/Kakoschke et al. - 2015 - Combined effects of cognitive bias for food cues a.pdf},
}
@Article{houben_eating_2014,
  title = {Eating on Impulse: {{The}} Relation between Overweight and Food-Specific Inhibitory Control},
  volume = {22},
  issn = {1930739X},
  number = {5},
  journal = {Obesity},
  doi = {10.1002/oby.20670},
  author = {Katrijn Houben and Chantal Nederkoorn and Anita Jansen},
  year = {2014},
  pages = {2013--2015},
  file = {/Users/loukia/Zotero/storage/NMKKH9NG/Houben, Nederkoorn, Jansen - 2014 - Eating on impulse The relation between overweight and food-specific inhibitory control.pdf},
  pmid = {24910860},
}

@Article{lavagnino_inhibitory_2016,
  title = {Inhibitory Control in Obesity and Binge Eating Disorder: {{A}} Systematic Review and Meta-Analysis of Neurocognitive and Neuroimaging Studies},
  volume = {68},
  issn = {18737528},
  journal = {Neurosci. Biobehav. Rev.},
  doi = {10.1016/j.neubiorev.2016.06.041},
  author = {Luca Lavagnino and Danilo Arnone and Bo Cao and Jair C. Soares and Sudhakar Selvaraj},
  year = {2016},
  keywords = {Inhibitory control,Obesity,Stop signal,Prefrontal cortex,Binge eating,Go/nogo},
  pages = {714--726},
  file = {/Users/loukia/Zotero/storage/B8X4663A/Lavagnino et al. - 2016 - Inhibitory control in obesity and binge eating disorder A systematic review and meta-analysis of neurocognitiv.pdf},
  pmid = {27381956},
}
@Article{houben_too_2012,
  title = {Too Tempting to Resist? {{Past}} Success at Weight Control Rather than Dietary Restraint Determines Exposure-Induced Disinhibited Eating},
  volume = {59},
  issn = {01956663},
  number = {2},
  journal = {Appetite},
  doi = {10.1016/j.appet.2012.07.004},
  author = {Katrijn Houben and Chantal Nederkoorn and Anita Jansen},
  year = {2012},
  keywords = {Inhibitory control,Self-regulation,Dieting,Exposure,Stop-Signal Task},
  pages = {550--555},
  file = {/Users/loukia/Zotero/storage/JNS3XTB4/Houben, Nederkoorn, Jansen - 2012 - Too tempting to resist Past success at weight control rather than dietary restraint determines expos.pdf},
  pmid = {22796949},
}
@Article{jones_inhibitory_2016,
  title = {Inhibitory Control Training for Appetitive Behaviour Change: {{A}} Meta-Analytic Investigation of Mechanisms of Action and Moderators of Effectiveness},
  volume = {97},
  issn = {10958304},
  journal = {Appetite},
  doi = {10.1016/j.appet.2015.11.013},
  author = {Andrew Jones and Lisa C.G. {Di Lemma} and Eric Robinson and Paul Christiansen and Sarah Nolan and Catrin Tudur-Smith and Matt Field},
  year = {2016},
  keywords = {Obesity,Alcohol,Associative inhibition,Calorie,Inhibitory control training},
  pages = {16--28},
  file = {/Users/loukia/Zotero/storage/6GX8TDBI/Jones et al. - 2016 - Inhibitory control training for appetitive behaviour change A meta-analytic investigation of mechanisms of acti(2).pdf;/Users/loukia/Zotero/storage/LIM6ZY7U/Jones et al. - 2016 - Inhibitory control training for appetitive behaviour change A meta-analytic investigation of mechanisms of action.pdf;/Users/loukia/Zotero/storage/YF5FHXJ6/Jones et al. - 2016 - Inhibitory control training for appetitive behaviour change A meta-analytic investigation of mechanisms of acti(2).pdf},
  pmid = {26592707},
}
@Article{houben_chocolate_2015,
  title = {Chocolate Equals Stop: {{Chocolate}}-Specific Inhibition Training Reduces Chocolate Intake and Go Associations with Chocolate},
  volume = {87},
  issn = {10958304},
  journal = {Appetite},
  doi = {10.1016/j.appet.2015.01.005},
  author = {Katrijn Houben and Anita Jansen},
  year = {2015},
  keywords = {Food intake,Training,Inhibition,Stop associations},
  pages = {318--323},
  file = {/Users/loukia/Zotero/storage/PISQCHFG/Houben, Jansen - 2015 - Chocolate equals stop Chocolate-specific inhibition training reduces chocolate intake and go associations with c.pdf},
  pmid = {25596041},
}

@Article{chen_how_2016,
  title = {How Does Not Responding to Appetitive Stimuli Cause Devaluation: {{Evaluative}} Conditioning or Response Inhibition?},
  volume = {145},
  issn = {1939-2222, 0096-3445},
  shorttitle = {How Does Not Responding to Appetitive Stimuli Cause Devaluation},
  language = {en},
  number = {12},
  journal = {Journal of Experimental Psychology: General},
  doi = {10.1037/xge0000236},
  author = {Zhang Chen and Harm Veling and Ap Dijksterhuis and Rob W. Holland},
  year = {2016},
  pages = {1687-1701},
  file = {/Users/loukia/Zotero/storage/SWU9ZK4I/Chen et al. - 2016 - How does not responding to appetitive stimuli caus.pdf},
}

@Article{lawrence_stopping_2015-3,
  title = {Stopping to Food Can Reduce Intake. {{Effects}} of Stimulus-Specificity and Individual Differences in Dietary Restraint},
  volume = {85},
  issn = {01956663},
  language = {en},
  journal = {Appetite},
  doi = {10.1016/j.appet.2014.11.006},
  author = {Natalia S. Lawrence and Frederick Verbruggen and Sinead Morrison and Rachel C. Adams and Christopher D. Chambers},
  month = {feb},
  year = {2015},
  pages = {91-103},
  file = {/Users/loukia/Zotero/storage/FNLMQI5T/Lawrence et al. - 2015 - Stopping to food can reduce intake. Effects of sti.pdf},
}
@Article{chen_how_2016-3,
  title = {How Does Not Responding to Appetitive Stimuli Cause Devaluation: {{Evaluative}} Conditioning or Response Inhibition?},
  volume = {145},
  issn = {1939-2222, 0096-3445},
  shorttitle = {How Does Not Responding to Appetitive Stimuli Cause Devaluation},
  language = {en},
  number = {12},
  journal = {Journal of Experimental Psychology: General},
  doi = {10.1037/xge0000236},
  author = {Zhang Chen and Harm Veling and Ap Dijksterhuis and Rob W. Holland},
  year = {2016},
  pages = {1687-1701},
  file = {/Users/loukia/Zotero/storage/DEPIFKQH/Chen et al. - 2016 - How does not responding to appetitive stimuli caus.pdf},
}
@Article{veling_what_2017,
  title = {What {{Is Trained During Food Go}}/{{No}}-{{Go Training}}? {{A Review Focusing}} on {{Mechanisms}} and a {{Research Agenda}}},
  volume = {4},
  issn = {2196-2952},
  number = {1},
  journal = {Curr. Addict. Reports},
  doi = {10.1007/s40429-017-0131-5},
  author = {Harm Veling and Natalia S. Lawrence and Zhang Chen and Guido M. {van Koningsbruggen} and Rob W. Holland},
  year = {2017},
  keywords = {Training,training,eating behavior,Food choice,inhibition,go,Go/no-go,food choice,impulsive,Eating beh,Impulsive,no-go},
  pages = {35--41},
  file = {/Users/loukia/Zotero/storage/3E8NV2WR/Veling et al. - 2017 - What Is Trained During Food GoNo-Go Training A Review Focusing on Mechanisms and a Research Agenda.pdf},
  pmid = {28357193},
}

@Article{chen_how_2016-1,
  title = {How Does Not Responding to Appetitive Stimuli Cause Devaluation: {{Evaluative}} Conditioning or Response Inhibition?},
  volume = {145},
  issn = {1939-2222, 0096-3445},
  shorttitle = {How Does Not Responding to Appetitive Stimuli Cause Devaluation},
  language = {en},
  number = {12},
  journal = {Journal of Experimental Psychology: General},
  doi = {10.1037/xge0000236},
  author = {Zhang Chen and Harm Veling and Ap Dijksterhuis and Rob W. Holland},
  year = {2016},
  pages = {1687-1701},
  file = {/Users/loukia/Zotero/storage/8K78HL77/Chen et al. - 2016 - How does not responding to appetitive stimuli caus.pdf},
}
@Article{veling_when_2008,
  title = {When Approach Motivation and Behavioral Inhibition Collide: {{Behavior}} Regulation through Stimulus Devaluation},
  volume = {44},
  issn = {0022-1031},
  shorttitle = {When Approach Motivation and Behavioral Inhibition Collide},
  number = {4},
  journal = {Journal of Experimental Social Psychology},
  doi = {10.1016/j.jesp.2008.03.004},
  author = {Harm Veling and Rob W. Holland and Ad {van Knippenberg}},
  month = {jul},
  year = {2008},
  keywords = {Affect,Approach,Behavior-regulation,Inhibition,Response conflict},
  pages = {1013-1019},
  file = {/Users/loukia/Zotero/storage/YI35VYNU/Veling et al. - 2008 - When approach motivation and behavioral inhibition.pdf;/Users/loukia/Zotero/storage/SYCSDME9/S0022103108000371.html},
}
@Article{allom_does_2016,
  title = {Does Inhibitory Control Training Improve Health Behaviour? {{A}} Meta-Analysis},
  volume = {10},
  issn = {17437202},
  number = {2},
  journal = {Health Psychol. Rev.},
  doi = {10.1080/17437199.2015.1051078},
  author = {Vanessa Allom and Barbara Mullan and Martin Hagger},
  year = {2016},
  keywords = {Inhibitory control,go/no-go,health behaviour,meta-analysis,stop-signal,training},
  pages = {168--186},
  file = {/Users/loukia/Zotero/storage/9UBQQFFG/Allom, Mullan, Hagger - 2016 - Does inhibitory control training improve health behaviour A meta-analysis.pdf},
  pmid = {26058688},
}
@Article{adams_training_2017,
  title = {Training Response Inhibition to Reduce Food Consumption: {{Mechanisms}}, Stimulus Specificity and Appropriate Training Protocols},
  volume = {109},
  issn = {10958304},
  journal = {Appetite},
  doi = {10.1016/j.appet.2016.11.014},
  author = {Rachel C. Adams and Natalia S. Lawrence and Frederick Verbruggen and Christopher D. Chambers},
  year = {2017},
  keywords = {Cognitive training,Dietary restraint,Food intake,Implicit attitudes,Response inhibition},
  pages = {11--23},
  file = {/Users/loukia/Zotero/storage/WUL6X3BC/Adams et al. - 2017 - Training response inhibition to reduce food consumption Mechanisms, stimulus specificity and appropriate training.pdf},
  pmid = {27838443},
}

@Article{houben_training_2011,
  title = {Training Inhibitory Control. {{A}} Recipe for Resisting Sweet Temptations},
  volume = {56},
  issn = {01956663},
  number = {2},
  journal = {Appetite},
  doi = {10.1016/j.appet.2010.12.017},
  author = {Katrijn Houben and Anita Jansen},
  year = {2011},
  keywords = {Response inhibition,Food,Restrained eating,Dieting,Go/no-go task},
  pages = {345--349},
  file = {/Users/loukia/Zotero/storage/HSCMIN3Z/Houben, Jansen - 2011 - Training inhibitory control. A recipe for resisting sweet temptations.pdf},
  pmid = {21185896},
}

@Article{lawrence_stopping_2015,
  title = {Stopping to Food Can Reduce Intake. {{Effects}} of Stimulus-Specificity and Individual Differences in Dietary Restraint},
  volume = {85},
  issn = {10958304},
  journal = {Appetite},
  doi = {10.1016/j.appet.2014.11.006},
  author = {Natalia S. Lawrence and Frederick Verbruggen and Sinead Morrison and Rachel C. Adams and Christopher D. Chambers},
  year = {2015},
  keywords = {Cognitive training,Dietary restraint,Food intake,Response inhibition,Overeating,Signal task,Stop},
  pages = {91--103},
  file = {/Users/loukia/Zotero/storage/UTEDPBFS/Lawrence et al. - 2015 - Stopping to food can reduce intake. Effects of stimulus-specificity and individual differences in dietary restr.pdf},
  pmid = {25447023},
}

@Article{veling_using_2011,
  title = {Using Stop Signals to Inhibit Chronic Dieters' Responses toward Palatable Foods},
  volume = {49},
  issn = {00057967},
  number = {11},
  journal = {Behav. Res. Ther.},
  doi = {10.1016/j.brat.2011.08.005},
  author = {Harm Veling and Henk Aarts and Esther K. Papies},
  year = {2011},
  keywords = {Food,Self-control,Inhibition,Dieting,Impulse},
  pages = {771--780},
  file = {/Users/loukia/Zotero/storage/2SSLAWTJ/Veling et al 2013.pdf;/Users/loukia/Zotero/storage/3QLE7GDX/veling2013.pdf;/Users/loukia/Zotero/storage/5E5XTT96/benjamin et al 2017.pdf;/Users/loukia/Zotero/storage/8968TYZS/Cue Approach Replication - OSF.docx;/Users/loukia/Zotero/storage/ARDACRFY/main.pdf;/Users/loukia/Zotero/storage/C76CITRY/originalAATpaper.pdf;/Users/loukia/Zotero/storage/FSU8SNXI/Journal of Experimental Psychology General 2016 Miles (003).pdf;/Users/loukia/Zotero/storage/N3YVFG87/1-s2.0-S0195666315002962-main.pdf;/Users/loukia/Zotero/storage/QAMZRGG8/Phaf et al._2014.pdf;/Users/loukia/Zotero/storage/RG6C2467/0956797611400615.pdf;/Users/loukia/Zotero/storage/RY9PAXN2/Veling_etal_2017_TimePressure_FoodChoice.pdf;/Users/loukia/Zotero/storage/U26MC5LD/Veling, Aarts, Papies - 2011 - Using stop signals to inhibit chronic dieters' responses toward palatable foods.pdf;/Users/loukia/Zotero/storage/UXJPVICT/AssociationandInhibitionMcLarenandVerbruggen_inpress.pdf;/Users/loukia/Zotero/storage/XW67Z8CJ/Neuman  Strack 2000.pdf;/Users/loukia/Zotero/storage/Z5VS3TVV/Veling_etal_2017_FoodGNG_Mechansism_Review.pdf;/Users/loukia/Zotero/storage/Z6PW9PZI/schonberg2014.pdf},
  pmid = {21906724},
}
@Article{veling_stop_2013,
  title = {Stop Signals Decrease Choices for Palatable Foods through Decreased Food Evaluation},
  volume = {4},
  issn = {16641078},
  number = {875},
  journal = {Front. Psychol.},
  doi = {10.3389/fpsyg.2013.00875},
  author = {Harm Veling and Henk Aarts and Wolfgang Stroebe},
  year = {2013},
  keywords = {Motor inhibition,Go/no-go task,Appetite,Food evaluation,Stop signals},
  pages = {1--7},
  file = {/Users/loukia/Zotero/storage/4AA4LN52/AssociationandInhibitionMcLarenandVerbruggen_inpress.pdf;/Users/loukia/Zotero/storage/5VJ89W7C/Veling_etal_2017_TimePressure_FoodChoice.pdf;/Users/loukia/Zotero/storage/86BDSBRI/Journal of Experimental Psychology General 2016 Miles (003).pdf;/Users/loukia/Zotero/storage/97WZUL8D/0956797611400615.pdf;/Users/loukia/Zotero/storage/9VKI7QQQ/Cue Approach Replication - OSF.docx;/Users/loukia/Zotero/storage/APXKSKX9/newAATpaper.pdf;/Users/loukia/Zotero/storage/BIQILHLG/originalAATpaper.pdf;/Users/loukia/Zotero/storage/DLVZRH7H/Veling_etal_2017_FoodGNG_Mechansism_Review.pdf;/Users/loukia/Zotero/storage/IU8JFHSS/veling2013.pdf;/Users/loukia/Zotero/storage/QHZ6EP8J/Veling et al 2013.pdf;/Users/loukia/Zotero/storage/VHJ38ZFV/schonberg2014.pdf;/Users/loukia/Zotero/storage/VJACWIDQ/main.pdf;/Users/loukia/Zotero/storage/WI5SSTW7/1-s2.0-S0195666315002962-main.pdf;/Users/loukia/Zotero/storage/WUK9JWX2/Veling, Aarts, Stroebe - 2013 - Stop signals decrease choices for palatable foods through decreased food evaluation.pdf;/Users/loukia/Zotero/storage/XCIDG3IH/Neuman  Strack 2000.pdf;/Users/loukia/Zotero/storage/XHHKDWVR/Phaf et al._2014.pdf;/Users/loukia/Zotero/storage/Y2I3SDHJ/benjamin et al 2017.pdf},
  pmid = {24324451},
}

@Article{veling_training_2017-1,
  title = {Training {{Impulsive Choices}} for {{Healthy}} and {{Sustainable Food}}.},
  volume = {23},
  issn = {1939-2192},
  number = {1},
  journal = {J. Exp. Psychol. Appl.},
  doi = {10.1037/xap0000112},
  author = {Harm Veling and Zhang Chen and Merel C. Tombrock and Iris a. M. Verpaalen and Laura I. Schmitz and Ap Dijksterhuis and Rob W. Holland},
  year = {2017},
  keywords = {training,attention,cue-approach,decisions that are important,each day people make,food choice,for their,health and well-being,impulsive,may be the result,occur quickly,of careful deliberation,some of these decisions,whereas other decisions may},
  pages = {1--14},
  file = {/Users/loukia/Zotero/storage/NWZ4WDN9/Veling et al. - 2017 - Training Impulsive Choices for Healthy and Sustainable Food.pdf},
}
@Article{lawrence_training_2015,
  title = {Training Response Inhibition to Food Is Associated with Weight Loss and Reduced Energy Intake},
  volume = {95},
  issn = {10958304},
  journal = {Appetite},
  doi = {10.1016/j.appet.2015.06.009},
  author = {Natalia S. Lawrence and Jamie O'Sullivan and David Parslow and Mahmood Javaid and Rachel C. Adams and Christopher D. Chambers and Katarina Kos and Frederick Verbruggen},
  year = {2015},
  keywords = {Cognitive training,Response inhibition,Disinhibition,Energy intake,Food liking,Weight loss},
  pages = {17--28},
  file = {/Users/loukia/Zotero/storage/45R742LR/Lawrence et al. - 2015 - Training response inhibition to food is associated with weight loss and reduced energy intake(2).pdf;/Users/loukia/Zotero/storage/IDK28APU/Lawrence et al. - 2015 - Training response inhibition to food is associated with weight loss and reduced energy intake.pdf},
  pmid = {26122756},
}

@Article{veling_targeting_2014,
  title = {Targeting Impulsive Processes of Eating Behavior via the Internet. {{Effects}} on Body Weight},
  volume = {78},
  issn = {10958304},
  journal = {Appetite},
  doi = {10.1016/j.appet.2014.03.014},
  author = {Harm Veling and Guido M. {van Koningsbruggen} and Henk Aarts and Wolfgang Stroebe},
  year = {2014},
  keywords = {Inhibition,Dieting,Habit,Weight loss,Impulsive,Implementation intention},
  pages = {102--109},
  file = {/Users/loukia/Zotero/storage/LA3PNYJX/Veling et al. - 2014 - Targeting impulsive processes of eating behavior via the internet. Effects on body weight.pdf},
  pmid = {24675683},
}
@Article{becker_approach_2015-1,
  title = {Approach Avoidance Training in the Eating Domain: {{Testing}} the Effectiveness across Three Single Session Studies},
  volume = {85},
  issn = {10958304},
  number = {June 2015},
  journal = {Appetite},
  doi = {10.1016/j.appet.2014.11.017},
  author = {Daniela Becker and Nils B. Jostmann and Reinout W. Wiers and Rob W. Holland},
  year = {2015},
  keywords = {Approach avoidance training,Automatic behavior regulation,Eating behavior,Food choice,Intervention},
  pages = {58--65},
  file = {/Users/loukia/Zotero/storage/75W2UQMK/Becker et al. - 2015 - Approach avoidance training in the eating domain Testing the effectiveness across three single session studies(2).pdf;/Users/loukia/Zotero/storage/CCF8BDGP/Becker et al. - 2015 - Approach avoidance training in the eating domain Testing the effectiveness across three single session studies(2).pdf;/Users/loukia/Zotero/storage/UHU4S4MJ/Becker et al. - 2015 - Approach avoidance training in the eating domain Testing the effectiveness across three single session studies(3).pdf;/Users/loukia/Zotero/storage/VIEM8TUH/Becker et al. - 2015 - Approach avoidance training in the eating domain Testing the effectiveness across three single session studies.pdf;/Users/loukia/Zotero/storage/XUS963GW/Becker et al. - 2015 - Approach avoidance training in the eating domain Testing the effectiveness across three single session studies.pdf},
  pmid = {25447011},
}

@Article{schumacher_bias_2016,
  title = {Bias Modification Training Can Alter Approach Bias and Chocolate Consumption},
  volume = {96},
  issn = {0195-6663},
  journal = {Appetite},
  doi = {10.1016/j.appet.2015.09.014},
  author = {Sophie E. Schumacher and Eva Kemps and Marika Tiggemann},
  month = {jan},
  year = {2016},
  keywords = {Approach bias,Cognitive bias modification,Chocolate,Consumption,Approach-avoidance task},
  pages = {219-224},
  file = {/Users/loukia/Zotero/storage/H9YYNCRB/S0195666315300246.html},
}
@Article{button_power_2013,
  title = {Power Failure: Why Small Sample Size Undermines the Reliability of Neuroscience},
  volume = {14},
  issn = {1471-003X},
  number = {5},
  journal = {Nat. Rev. Neurosci.},
  doi = {10.1038/nrn3475},
  author = {Katherine S. Button and John P. A. Ioannidis and Claire Mokrysz and Brian A. Nosek and Jonathan Flint and Emma S. J. Robinson and Marcus R. Munaf{\a`o}},
  year = {2013},
  pages = {365--376},
  file = {/Users/loukia/Zotero/storage/AWF8ZE6L/Button et al. - 2013 - Power failure why small sample size undermines the reliability of neuroscience.pdf},
  pmid = {23571845},
}
@Article{benjamin_redefine_2017,
  title = {Redefine Statistical Significance},
  volume = {2},
  issn = {2397-3374},
  journal = {Nature Human Behaviour},
  doi = {10.1038/s41562-017-0189-z},
  author = {Daniel J. Benjamin and James O. Berger and Magnus Johannesson and Brian A. Nosek and E.-J. Wagenmakers and Richard Berk and Kenneth A. Bollen and Bj\dbendrn Brembs and Lawrence Brown and Colin Camerer and David Cesarini and Christopher D. Chambers and Merlise Clyde and Thomas D. Cook and Paul {De Boeck} and Zoltan Dienes and Anna Dreber and Kenny Easwaran and Charles Efferson and Ernst Fehr and Fiona Fidler and Andy P. Field and Malcolm Forster and Edward I. George and Richard Gonzalez and Steven Goodman and Edwin Green and Donald P. Green and Anthony G. Greenwald and Jarrod D. Hadfield and Larry V. Hedges and Leonhard Held and Teck {Hua Ho} and Herbert Hoijtink and Daniel J. Hruschka and Kosuke Imai and Guido Imbens and John P. A. Ioannidis and Minjeong Jeon and James Holland Jones and Michael Kirchler and David Laibson and John List and Roderick Little and Arthur Lupia and Edouard Machery and Scott E. Maxwell and Michael McCarthy and Don A. Moore and Stephen L. Morgan and Marcus Munaf\dbend and Shinichi Nakagawa and Brendan Nyhan and Timothy H. Parker and Luis Pericchi and Marco Perugini and Jeff Rouder and Judith Rousseau and Victoria Savalei and Felix D. Sch\dbend{}nbrodt and Thomas Sellke and Betsy Sinclair and Dustin Tingley and Trisha {Van Zandt} and Simine Vazire and Duncan J. Watts and Christopher Winship and Robert L. Wolpert and Yu Xie and Cristobal Young and Jonathan Zinman and Valen E. Johnson},
  year = {2018},
  pages = {6-10},
}
@Article{faul_statistical_2009,
  title = {Statistical Power Analyses Using {{G}}*{{Power}} 3.1: {{Tests}} for Correlation and Regression Analyses},
  volume = {41},
  issn = {1554-351X},
  number = {4},
  journal = {Behav. Res. Methods},
  doi = {10.3758/BRM.41.4.1149},
  author = {Franz Faul and Edgar Erdfelder and Axel Buchner and Albert-Georg Lang},
  year = {2009},
  pages = {1149--1160},
  file = {/Users/loukia/Zotero/storage/QEGKSYWR/Faul et al. - 2009 - Statistical power analyses using GPower 3.1 Tests for correlation and regression analyses.pdf},
  pmid = {19897823},
}
@Article{richard_d._morey_verbal_2015,
  title = {On Verbal Categories for the Interpretation of {{Bayes}} Factors},
  author = {R. D. Morey},
  year = {2015},
}
@Book{lee_bayesian_2013,
  title = {Bayesian {{Cognitive Modeling}}: {{A Practical Course}}},
  publisher = {{Cambridge University Press}},
  author = {Michael D. Lee and Eric-Jan Wagenmakers},
  year = {2013},
  doi = {10.1017/CBO9781139087759},
  place = {Cambridge},
}
@Article{wiers_relatively_2009,
  title = {Relatively Strong Automatic Appetitive Action-Tendencies in Male Carriers of the {{OPRM1 G}}-Allele},
  volume = {8},
  issn = {16011848},
  number = {1},
  journal = {Genes, Brain Behav.},
  doi = {10.1111/j.1601-183X.2008.00454.x},
  author = {R. W. Wiers and M. Rinck and M. Dictus and E. {Van Den Wildenberg}},
  year = {2009},
  keywords = {Approach,Avoidance,Alcohol,Endophenotype,Implicit cognition,OPRM1},
  pages = {101--106},
  file = {/Users/loukia/Zotero/storage/W3D6YRNX/Wiers et al. - 2009 - Relatively strong automatic appetitive action-tendencies in male carriers of the OPRM1 G-allele.pdf},
  pmid = {19016889},
}

@Article{rinck_approach_2007,
  series = {Implicit {{Cognitive Processes}} in {{Psychopathology}}},
  title = {Approach and Avoidance in Fear of Spiders},
  volume = {38},
  issn = {0005-7916},
  number = {2},
  journal = {Journal of Behavior Therapy and Experimental Psychiatry},
  doi = {10.1016/j.jbtep.2006.10.001},
  author = {Mike Rinck and Eni S. Becker},
  month = {jun},
  year = {2007},
  keywords = {Approach,Avoidance,Fear of spiders},
  pages = {105-120},
  file = {/Users/loukia/Zotero/storage/9GNSY2MR/S0005791606000620.html},
}
@Article{neumann_approach_2000,
  title = {Approach and {{Avoidance}}: {{The Influence}} of {{Proprioceptive}} and {{Exteroceptive Cues}} on {{Encoding}} of {{Affective Information}}},
  volume = {79},
  issn = {0022-3514},
  number = {1},
  journal = {J. Personal. Soc. Psychol.},
  doi = {10.1037//0022-3514.79.1.39},
  author = {Roland Neumann and Fritz Strack},
  year = {2000},
  keywords = {ADJECTIVE generation technique,AFFECT (Psychology),AVOIDANCE (Psychology),MOTION perception (Vision)},
  pages = {39--48},
  file = {/Users/loukia/Zotero/storage/625RIZC4/Neumann, Strack - 2000 - Approach and Avoidance The Influence of Proprioceptive and Exteroceptive Cues on Encoding of Affective Informat.pdf},
  pmid = {10909876},
}
@Article{phaf_approach_2014,
  title = {Approach, Avoidance, and Affect: {{A}} Meta-Analysis of Approach-Avoidance Tendencies in Manual Reaction Time Tasks},
  volume = {5},
  issn = {16641078},
  number = {378},
  journal = {Front. Psychol.},
  doi = {10.3389/fpsyg.2014.00378},
  author = {R. Hans Phaf and S{\"o}ren E. Mohr and Mark Rotteveel and Jelte M. Wicherts},
  year = {2014},
  keywords = {Approach,Avoidance,Affect,Arm movement,Direct vs. indirect},
  pages = {1--16},
  file = {/Users/loukia/Zotero/storage/2NX3LHTA/Hans Phaf et al. - 2014 - Approach, avoidance, and affect A meta-analysis of approach-avoidance tendencies in manual reaction time ta(2).pdf;/Users/loukia/Zotero/storage/3QADWWLD/Hans Phaf et al. - 2014 - Approach, avoidance, and affect A meta-analysis of approach-avoidance tendencies in manual reaction time tasks.pdf;/Users/loukia/Zotero/storage/576UFI5U/Hans Phaf et al. - 2014 - Approach, avoidance, and affect A meta-analysis of approach-avoidance tendencies in manual reaction time ta(3).pdf;/Users/loukia/Zotero/storage/LTI646V9/Hans Phaf et al. - 2014 - Approach, avoidance, and affect A meta-analysis of approach-avoidance tendencies in manual reaction time tasks.pdf},
  pmid = {24847292},
}
@Article{wiers_retraining_2010,
  title = {Retraining Automatic Action-tendencies to Approach Alcohol in Hazardous Drinkers},
  volume = {105},
  issn = {1360-0443},
  language = {en},
  number = {2},
  journal = {Addiction},
  doi = {10.1111/j.1360-0443.2009.02775.x},
  author = {R. W. Wiers and Mike Rinck and Robert Kordts and Katrijn Houben and Fritz Strack},
  month = {feb},
  year = {2010},
  pages = {279-287},
  file = {/Users/loukia/Zotero/storage/PVQ37JJ6/j.1360-0443.2009.02775.html},
}
