@Manual{R-rmarkdown,
  title = {rmarkdown: Dynamic Documents for R},
  author = {JJ Allaire and Yihui Xie and Jonathan McPherson and Javier Luraschi and Kevin Ushey and Aron Atkins and Hadley Wickham and Joe Cheng and Winston Chang and Richard Iannone},
  year = {2019},
  note = {R package version 1.12},
  url = {https://CRAN.R-project.org/package=rmarkdown},
}
@Manual{R-base,
  title = {R: A Language and Environment for Statistical Computing},
  author = {{R Core Team}},
  organization = {R Foundation for Statistical Computing},
  address = {Vienna, Austria},
  year = {2017},
  url = {https://www.R-project.org/},
}
@Book{R-bookdown,
  title = {bookdown: Authoring Books and Technical Documents with {R} Markdown},
  author = {Yihui Xie},
  publisher = {Chapman and Hall/CRC},
  address = {Boca Raton, Florida},
  year = {2016},
  note = {ISBN 978-1138700109},
  url = {https://github.com/rstudio/bookdown},
}
@Manual{R-devtools,
  title = {devtools: Tools to Make Developing R Packages Easier},
  author = {Hadley Wickham and Jim Hester and Winston Chang},
  year = {2018},
  note = {R package version 2.0.1},
  url = {https://CRAN.R-project.org/package=devtools},
}
@Manual{R-dplyr,
  title = {dplyr: A Grammar of Data Manipulation},
  author = {Hadley Wickham and Romain François and Lionel Henry and Kirill Müller},
  year = {2019},
  note = {R package version 0.8.0.1},
  url = {https://CRAN.R-project.org/package=dplyr},
}
@Book{R-ggplot2,
  author = {Hadley Wickham},
  title = {ggplot2: Elegant Graphics for Data Analysis},
  publisher = {Springer-Verlag New York},
  year = {2016},
  isbn = {978-3-319-24277-4},
  url = {http://ggplot2.org},
}
@Manual{R-kableExtra,
  title = {kableExtra: Construct Complex Table with 'kable' and Pipe Syntax},
  author = {Hao Zhu},
  year = {2019},
  note = {R package version 1.1.0},
  url = {https://CRAN.R-project.org/package=kableExtra},
}
@Book{R-knitr,
  title = {Dynamic Documents with {R} and knitr},
  author = {Yihui Xie},
  publisher = {Chapman and Hall/CRC},
  address = {Boca Raton, Florida},
  year = {2015},
  edition = {2nd},
  note = {ISBN 978-1498716963},
  url = {https://yihui.name/knitr/},
}
@Manual{R-papaja,
  author = {Frederik Aust and Marius Barth},
  title = {{papaja}: {Create} {APA} manuscripts with {R Markdown}},
  year = {2018},
  note = {R package version 0.1.0.9842},
  url = {https://github.com/crsh/papaja},
}
@Manual{R-usethis,
  title = {usethis: Automate Package and Project Setup},
  author = {Hadley Wickham and Jennifer Bryan},
  year = {2018},
  note = {R package version 1.4.0},
  url = {https://CRAN.R-project.org/package=usethis},
}
@Misc{micah_allen_raincloudplots_2018,
  title = {{{RainCloudPlots}} Tutorials and Codebase},
  howpublished = {Zenodo},
  author = {Micah Allen and Davide Poggiali and Kirstie Whitaker and Tom Rhys Marshall and Rogier Kievit},
  year = {2018},
  keywords = {data science,data visualisation,matlab,python,R},
  file = {/Users/loukia/Zotero/storage/NT3YRE6P/1402959.html},
  doi = {10.5281/zenodo.1402959},
}
@Article{10.12688/wellcomeopenres.15191.1,
  title = {Raincloud Plots: A Multi-Platform Tool for Robust Data Visualization [Version 1; Peer Review: 2 Approved]},
  volume = {4},
  number = {63},
  journal = {Wellcome Open Research},
  doi = {10.12688/wellcomeopenres.15191.1},
  author = {M Allen and D Poggiali and K Whitaker and TR Marshall and RA Kievit},
  year = {2019},
}
@Article{houben_chocolate_2015,
  title = {Chocolate Equals Stop: {{Chocolate}}-Specific Inhibition Training Reduces Chocolate Intake and Go Associations with Chocolate},
  volume = {87},
  issn = {10958304},
  journal = {Appetite},
  doi = {10.1016/j.appet.2015.01.005},
  author = {Katrijn Houben and Anita Jansen},
  year = {2015},
  keywords = {Food intake,Training,Inhibition,Stop associations},
  pages = {318--323},
  file = {/Users/loukia/Zotero/storage/PISQCHFG/Houben, Jansen - 2015 - Chocolate equals stop Chocolate-specific inhibition training reduces chocolate intake and go associations with c.pdf},
  pmid = {25596041},
}

@Article{houben_training_2011,
  title = {Training Inhibitory Control. {{A}} Recipe for Resisting Sweet Temptations},
  volume = {56},
  issn = {01956663},
  number = {2},
  journal = {Appetite},
  doi = {10.1016/j.appet.2010.12.017},
  author = {Katrijn Houben and Anita Jansen},
  year = {2011},
  keywords = {Response inhibition,Food,Restrained eating,Dieting,Go/no-go task},
  pages = {345--349},
  file = {/Users/loukia/Zotero/storage/HSCMIN3Z/Houben, Jansen - 2011 - Training inhibitory control. A recipe for resisting sweet temptations.pdf},
  pmid = {21185896},
}

@Article{houben_too_2012,
  title = {Too Tempting to Resist? {{Past}} Success at Weight Control Rather than Dietary Restraint Determines Exposure-Induced Disinhibited Eating},
  volume = {59},
  issn = {01956663},
  number = {2},
  journal = {Appetite},
  doi = {10.1016/j.appet.2012.07.004},
  author = {Katrijn Houben and Chantal Nederkoorn and Anita Jansen},
  year = {2012},
  keywords = {Inhibitory control,Self-regulation,Dieting,Exposure,Stop-Signal Task},
  pages = {550--555},
  file = {/Users/loukia/Zotero/storage/JNS3XTB4/Houben, Nederkoorn, Jansen - 2012 - Too tempting to resist Past success at weight control rather than dietary restraint determines expos.pdf},
  pmid = {22796949},
}

@Article{jones_inhibitory_2016,
  title = {Inhibitory Control Training for Appetitive Behaviour Change: {{A}} Meta-Analytic Investigation of Mechanisms of Action and Moderators of Effectiveness},
  volume = {97},
  issn = {10958304},
  journal = {Appetite},
  doi = {10.1016/j.appet.2015.11.013},
  author = {Andrew Jones and Lisa C.G. {Di Lemma} and Eric Robinson and Paul Christiansen and Sarah Nolan and Catrin Tudur-Smith and Matt Field},
  year = {2016},
  keywords = {Obesity,Alcohol,Associative inhibition,Calorie,Inhibitory control training},
  pages = {16--28},
  file = {/Users/loukia/Zotero/storage/4RMZ8R6Z/Jones et al. - 2016 - Inhibitory control training for appetitive behavio.pdf;/Users/loukia/Zotero/storage/6GX8TDBI/Jones et al. - 2016 - Inhibitory control training for appetitive behaviour change A meta-analytic investigation of mechanisms of acti(2).pdf;/Users/loukia/Zotero/storage/LIM6ZY7U/Jones et al. - 2016 - Inhibitory control training for appetitive behaviour change A meta-analytic investigation of mechanisms of action.pdf;/Users/loukia/Zotero/storage/YF5FHXJ6/Jones et al. - 2016 - Inhibitory control training for appetitive behaviour change A meta-analytic investigation of mechanisms of acti(2).pdf},
  pmid = {26592707},
}

@Article{kakoschke_effect_2017,
  title = {The Effect of Combined Avoidance and Control Training on Implicit Food Evaluation and Choice},
  volume = {55},
  issn = {18737943},
  journal = {J. Behav. Ther. Exp. Psychiatry},
  doi = {10.1016/j.jbtep.2017.01.002},
  author = {Naomi Kakoschke and Eva Kemps and Marika Tiggemann},
  year = {2017},
  keywords = {Eating behaviour,Food choice,Approach bias modification,Control training,Implicit evaluation},
  pages = {99--105},
  file = {/Users/loukia/Zotero/storage/5276I8LU/Kakoschke, Kemps, Tiggemann - 2017 - The effect of combined avoidance and control training on implicit food evaluation and choice.pdf;/Users/loukia/Zotero/storage/A8CYPHLA/Kakoschke et al. - 2017 - The effect of combined avoidance and control train.pdf;/Users/loukia/Zotero/storage/GKUQEWRT/Kakoschke et al. - 2017 - The effect of combined avoidance and control train.pdf;/Users/loukia/Zotero/storage/TH5XKTDZ/Kakoschke et al. - 2017 - The effect of combined avoidance and control train.pdf},
}

@Article{kakoschke_combined_2015,
  title = {Combined Effects of Cognitive Bias for Food Cues and Poor Inhibitory Control on Unhealthy Food Intake},
  volume = {87},
  issn = {10958304},
  number = {JANUARY},
  journal = {Appetite},
  doi = {10.1016/j.appet.2015.01.004},
  author = {Naomi Kakoschke and Eva Kemps and Marika Tiggemann and Naomi Kakoschke and Eva Kemps and Marika Tiggemann},
  year = {2015},
  keywords = {Inhibitory control,Approach,Attention,Cognitive bias,Consumption,Food cues},
  pages = {358--364},
  file = {/Users/loukia/Zotero/storage/84A89KMZ/Kakoschke et al. - 2015 - Combined effects of cognitive bias for food cues and poor inhibitory control on unhealthy food intake(3).pdf;/Users/loukia/Zotero/storage/FGW3DYVR/Kakoschke et al. - 2015 - Combined effects of cognitive bias for food cues and poor inhibitory control on unhealthy food intake.pdf;/Users/loukia/Zotero/storage/MTK24ZV5/Kakoschke et al. - 2015 - Combined effects of cognitive bias for food cues and poor inhibitory control on unhealthy food intake(4).pdf;/Users/loukia/Zotero/storage/NA3RZ4TG/Kakoschke et al. - 2015 - Combined effects of cognitive bias for food cues a.pdf;/Users/loukia/Zotero/storage/NZWXLX95/Kakoschke et al. - 2015 - Combined effects of cognitive bias for food cues and poor inhibitory control on unhealthy food intake(2).pdf;/Users/loukia/Zotero/storage/SKBA8UTR/Kakoschke et al. - 2015 - Combined effects of cognitive bias for food cues a.pdf;/Users/loukia/Zotero/storage/UX97AV2K/Kakoschke et al. - 2015 - Combined effects of cognitive bias for food cues a.pdf},
  pmid = {25592403},
}

@Article{lawrence_affective_2012,
  title = {Affective Neuroscience: {{Food}} '{{Wanting}}' Hotspot in Dorsal Striatum},
  volume = {22},
  issn = {09609822},
  number = {20},
  journal = {Curr. Biol.},
  doi = {10.1016/j.cub.2012.08.031},
  author = {Andrew D. Lawrence},
  year = {2012},
  pages = {R878--R880},
  file = {/Users/loukia/Zotero/storage/FCAEU6BU/Lawrence - 2012 - Affective Neuroscience Food ‘Wanting’ Hotspot in .pdf;/Users/loukia/Zotero/storage/LNBWJNFE/Lawrence - 2012 - Affective neuroscience Food 'Wanting' hotspot in dorsal striatum.pdf;/Users/loukia/Zotero/storage/YR7SGN8F/Lawrence - 2012 - Affective Neuroscience Food ‘Wanting’ Hotspot in .pdf;/Users/loukia/Zotero/storage/MMXPQ67C/S0960-9822(12)00996-7.html},
  pmid = {23098597},
}

@Article{neumann_approach_2000,
  title = {Approach and {{Avoidance}}: {{The Influence}} of {{Proprioceptive}} and {{Exteroceptive Cues}} on {{Encoding}} of {{Affective Information}}},
  volume = {79},
  issn = {0022-3514},
  number = {1},
  journal = {J. Personal. Soc. Psychol.},
  doi = {10.1037//0022-3514.79.1.39},
  author = {Roland Neumann and Fritz Strack},
  year = {2000},
  keywords = {ADJECTIVE generation technique,AFFECT (Psychology),AVOIDANCE (Psychology),MOTION perception (Vision)},
  pages = {39--48},
  file = {/Users/loukia/Zotero/storage/625RIZC4/Neumann, Strack - 2000 - Approach and Avoidance The Influence of Proprioceptive and Exteroceptive Cues on Encoding of Affective Informat.pdf},
  pmid = {10909876},
}

@Article{lawrence_nucleus_2012-1,
  title = {Nucleus Accumbens Response to Food Cues Predicts Subsequent Snack Consumption in Women and Increased Body Mass Index in Those with Reduced Self-Control},
  volume = {63},
  issn = {1053-8119},
  number = {1},
  journal = {NeuroImage},
  doi = {10.1016/j.neuroimage.2012.06.070},
  author = {Natalia S. Lawrence and Elanor C. Hinton and John A. Parkinson and Andrew D. Lawrence},
  month = {oct},
  year = {2012},
  keywords = {Food,Motivation,Nucleus accumbens,Reward,Consumption,Body mass index},
  pages = {415-422},
  file = {/Users/loukia/Zotero/storage/B7SIP9FI/Lawrence et al. - 2012 - Nucleus accumbens response to food cues predicts s.pdf;/Users/loukia/Zotero/storage/F4TALEG6/Can computerized inhibition training using food stimuli modify approach and avoidance biases to those foods, and is the ef.pdf;/Users/loukia/Zotero/storage/JLIL2WD2/Chen_Veling_2017_Impulsivity.pdf;/Users/loukia/Zotero/storage/P62RA3VV/manuscript_v1.0_intext_figures HV.docx;/Users/loukia/Zotero/storage/TD6CHT9H/Lawrence et al. - 2012 - Nucleus accumbens response to food cues predicts s.pdf;/Users/loukia/Zotero/storage/U9ZHMUGL/1-s2.0-S1053811912006866-main.pdf;/Users/loukia/Zotero/storage/V3MR3Y9J/Chen_Veling_2016.pdf;/Users/loukia/Zotero/storage/W9R95WKC/Chen_Devaluation_in_Obesity.pdf;/Users/loukia/Zotero/storage/Q9UPRF54/S1053811912006866.html},
}

@Article{wiers_retraining_2010,
  title = {Retraining Automatic Action-tendencies to Approach Alcohol in Hazardous Drinkers},
  volume = {105},
  issn = {1360-0443},
  language = {en},
  number = {2},
  journal = {Addiction},
  doi = {10.1111/j.1360-0443.2009.02775.x},
  author = {R. W. Wiers and Mike Rinck and Robert Kordts and Katrijn Houben and Fritz Strack},
  month = {feb},
  year = {2010},
  pages = {279-287},
  file = {/Users/loukia/Zotero/storage/PVQ37JJ6/j.1360-0443.2009.02775.html},
}

@Article{kakoschke_impulsivity_2017,
  title = {Impulsivity Moderates the Effect of Approach Bias Modification on Healthy Food Consumption},
  volume = {117},
  issn = {0195-6663},
  journal = {Appetite},
  doi = {10.1016/j.appet.2017.06.019},
  author = {Naomi Kakoschke and Eva Kemps and Marika Tiggemann},
  month = {oct},
  year = {2017},
  keywords = {Food,Eating behaviour,Impulsivity,Approach bias modification,Consumption},
  pages = {117-125},
  file = {/Users/loukia/Zotero/storage/5EHX5JH3/Kakoschke et al. - 2017 - Impulsivity moderates the effect of approach bias .pdf;/Users/loukia/Zotero/storage/F3PBUM3M/Kakoschke et al. - 2017 - Impulsivity moderates the effect of approach bias .pdf;/Users/loukia/Zotero/storage/DFM3CVLW/S0195666316306778.html},
}

@Article{strack_reflective_2004,
  title = {Reflective and {{Impulsive Determinants}} of {{Social Behavior}}},
  volume = {8},
  language = {en},
  number = {3},
  journal = {Personality and Social Psychology Review},
  author = {Fritz Strack and Roland Deutsch},
  year = {2004},
  pages = {28},
  file = {/Users/loukia/Zotero/storage/FCMCYAD8/Strack and Deutsch - Reflective and Impulsive Determinants of Social Be.pdf},
}

@Book{lee_bayesian_2013,
  title = {Bayesian {{Cognitive Modeling}}: {{A Practical Course}}},
  publisher = {{Cambridge University Press}},
  author = {Michael D. Lee and Eric-Jan Wagenmakers},
  year = {2013},
  doi = {10.1017/CBO9781139087759},
  place = {Cambridge},
}

@Book{reinecke_three_2010,
  title = {Three {{Indirect Tasks Assessing Implicit Threat Associations}} and {{Behavioral Response Tendencies}}},
  volume = {218},
  isbn = {0044-3409},
  number = {1},
  author = {Andrea Reinecke and Eni S. Becker and Mike Rinck},
  year = {2010},
  file = {/Users/loukia/Zotero/storage/A4F2QBWP/Reinecke, Becker, Rinck - 2010 - Three Indirect Tasks Assessing Implicit Threat Associations and Behavioral Response Tendencies.pdf},
  doi = {10.1027/0044-3409/a000002},
}

@Article{rouder_model_2016,
  title = {Model Comparison in {{ANOVA}}},
  volume = {23},
  issn = {1069-9384},
  number = {6},
  journal = {Psychon. Bull. Rev.},
  doi = {10.3758/s13423-016-1026-5},
  author = {Jeffrey N. Rouder and Christopher R. Engelhardt and Simon McCabe and Richard D. Morey},
  year = {2016},
  keywords = {ANOVA,Interactions,Model comparison,Order-restricted inference,Statistical models},
  pages = {1779--1786},
  file = {/Users/loukia/Zotero/storage/43I79UPF/Rouder et al. - 2016 - Model comparison in ANOVA.pdf},
  pmid = {25246403},
}

@Article{veling_using_2013,
  title = {Using Stop Signals to Reduce Impulsive Choices for Palatable Unhealthy Foods},
  volume = {18},
  issn = {1359107X},
  number = {2},
  journal = {Br. J. Health Psychol.},
  doi = {10.1111/j.2044-8287.2012.02092.x},
  author = {Harm Veling and Henk Aarts and Wolfgang Stroebe},
  year = {2013},
  pages = {354--368},
  file = {/Users/loukia/Zotero/storage/89Q9FFD7/Veling, Aarts, Stroebe - 2013 - Using stop signals to reduce impulsive choices for palatable unhealthy foods.pdf},
  pmid = {23017096},
}

@Article{veling_stop_2013,
  title = {Stop Signals Decrease Choices for Palatable Foods through Decreased Food Evaluation},
  volume = {4},
  issn = {16641078},
  number = {875},
  journal = {Front. Psychol.},
  doi = {10.3389/fpsyg.2013.00875},
  author = {Harm Veling and Henk Aarts and Wolfgang Stroebe},
  year = {2013},
  keywords = {Motor inhibition,Go/no-go task,Appetite,Food evaluation,Stop signals},
  pages = {1--7},
  file = {/Users/loukia/Zotero/storage/4AA4LN52/AssociationandInhibitionMcLarenandVerbruggen_inpress.pdf;/Users/loukia/Zotero/storage/5VJ89W7C/Veling_etal_2017_TimePressure_FoodChoice.pdf;/Users/loukia/Zotero/storage/86BDSBRI/Journal of Experimental Psychology General 2016 Miles (003).pdf;/Users/loukia/Zotero/storage/97WZUL8D/0956797611400615.pdf;/Users/loukia/Zotero/storage/9VKI7QQQ/Cue Approach Replication - OSF.docx;/Users/loukia/Zotero/storage/APXKSKX9/newAATpaper.pdf;/Users/loukia/Zotero/storage/BIQILHLG/originalAATpaper.pdf;/Users/loukia/Zotero/storage/DLVZRH7H/Veling_etal_2017_FoodGNG_Mechansism_Review.pdf;/Users/loukia/Zotero/storage/IU8JFHSS/veling2013.pdf;/Users/loukia/Zotero/storage/QHZ6EP8J/Veling et al 2013.pdf;/Users/loukia/Zotero/storage/VHJ38ZFV/schonberg2014.pdf;/Users/loukia/Zotero/storage/VJACWIDQ/main.pdf;/Users/loukia/Zotero/storage/WI5SSTW7/1-s2.0-S0195666315002962-main.pdf;/Users/loukia/Zotero/storage/WUK9JWX2/Veling, Aarts, Stroebe - 2013 - Stop signals decrease choices for palatable foods through decreased food evaluation.pdf;/Users/loukia/Zotero/storage/XCIDG3IH/Neuman  Strack 2000.pdf;/Users/loukia/Zotero/storage/XHHKDWVR/Phaf et al._2014.pdf;/Users/loukia/Zotero/storage/Y2I3SDHJ/benjamin et al 2017.pdf},
  pmid = {24324451},
}

@Article{wiers_should_2013,
  title = {Should We Train Alcohol-Dependent Patients to Avoid Alcohol?},
  volume = {4},
  issn = {1664-0640},
  number = {May},
  journal = {Front. psychiatry},
  doi = {10.3389/fpsyt.2013.00033},
  author = {Reinout W Wiers and Thomas E Gladwin and Mike Rinck},
  year = {2013},
  pages = {33},
  file = {/Users/loukia/Zotero/storage/D5CWIZME/Wiers, Gladwin, Rinck - 2013 - Should we train alcohol-dependent patients to avoid alcohol.pdf},
  pmid = {23734131},
}

@Article{rinck_approach_2007,
  series = {Implicit {{Cognitive Processes}} in {{Psychopathology}}},
  title = {Approach and Avoidance in Fear of Spiders},
  volume = {38},
  issn = {0005-7916},
  number = {2},
  journal = {Journal of Behavior Therapy and Experimental Psychiatry},
  doi = {10.1016/j.jbtep.2006.10.001},
  author = {Mike Rinck and Eni S. Becker},
  month = {jun},
  year = {2007},
  keywords = {Approach,Avoidance,Fear of spiders},
  pages = {105-120},
  file = {/Users/loukia/Zotero/storage/9GNSY2MR/S0005791606000620.html},
}

@Article{wiers_comparing_2017,
  title = {Comparing {{Three Cognitive Biases}} for {{Alcohol Cues}} in {{Alcohol Dependence}}},
  volume = {52},
  issn = {0735-0414},
  language = {en},
  number = {2},
  journal = {Alcohol and Alcoholism},
  doi = {10.1093/alcalc/agw063},
  author = {Corinde E. Wiers and Thomas E. Gladwin and Vera U. Ludwig and Sonja Gr{\"o}pper and Heiner Stuke and Christiane K. Gawron and Reinout W. Wiers and Henrik Walter and Felix Bermpohl},
  month = {mar},
  year = {2017},
  pages = {242-248},
  file = {/Users/loukia/Zotero/storage/IXH96YJW/Wiers et al. - 2017 - Comparing Three Cognitive Biases for Alcohol Cues .pdf;/Users/loukia/Zotero/storage/27LWWTAE/2605774.html},
}

@Book{rstudio,
  address = {{Boston, MA}},
  title = {{{RStudio}}: {{Integrated Development Environment}} for {{R}}},
  author = {{RStudio Team}},
  year = {2016},
  organization = {RStudio, Inc.},
}

@Article{cohen_global_1983,
  title = {A Global Measure of Perceived Stress},
  volume = {24},
  issn = {0022-1465},
  language = {eng},
  number = {4},
  journal = {Journal of Health and Social Behavior},
  author = {S. Cohen and T. Kamarck and R. Mermelstein},
  month = {dec},
  year = {1983},
  keywords = {Adult,Female,Humans,Male,Psychometrics,Students,Affective Symptoms,Life Change Events,Stress; Psychological,Tobacco Use Disorder},
  pages = {385-396},
  pmid = {6668417},
}

@Article{spinella_normative_2007,
  title = {Normative {{Data}} and a {{Short Form}} of the {{Barratt Impulsiveness Scale}}},
  volume = {117},
  issn = {0020-7454},
  number = {3},
  journal = {International Journal of Neuroscience},
  doi = {10.1080/00207450600588881},
  author = {Marcello Spinella},
  year = {2007},
  keywords = {impulsivity,Barratt Impusiveness Scale,normative data,prefrontal,short form},
  pages = {359-368},
  file = {/Users/loukia/Zotero/storage/HFINQSY4/SPINELLA - 2007 - Normative Data and a Short Form of the Barratt Imp.pdf;/Users/loukia/Zotero/storage/MDKHPJHZ/00207450600588881.html},
}

@Article{rouder_default_2012,
  title = {Default {{Bayes}} Factors for {{ANOVA}} Designs},
  volume = {56},
  issn = {00222496},
  language = {en},
  number = {5},
  journal = {Journal of Mathematical Psychology},
  doi = {10.1016/j.jmp.2012.08.001},
  author = {Jeffrey N. Rouder and Richard D. Morey and Paul L. Speckman and Jordan M. Province},
  month = {oct},
  year = {2012},
  pages = {356-374},
  file = {/Users/loukia/Zotero/storage/Y4RLVZ7J/Rouder et al. - 2012 - Default Bayes factors for ANOVA designs.pdf},
}

@Article{JASP2018:1,
  title = {{{JASP}} ({{Version}} 0.10.0)[{{Computer}} Software]},
  author = {{JASP Team}},
  year = {2018},
}
@Article{adams_combining_2015,
  title = {Combining Inhibitory Control Training with Prefrontal Brain Stimulation to Reduce Food Consumption},
  number = {2009},
  author = {Rachel C Adams and Natalia S Lawrence and Frederick Verbruggen and Sinead Morrison and Christopher D Chambers},
  year = {2015},
  pages = {1--25},
  file = {/Users/loukia/Zotero/storage/2E22SFJB/Adams et al. - 2015 - Combining inhibitory control training with prefrontal brain stimulation to reduce food consumption.pdf;/Users/loukia/Zotero/storage/KLYX766I/Adams et al. - 2015 - Combining inhibitory control training with prefrontal brain stimulation to reduce food consumption.pdf},
}

@Article{becker_approach_2015-1,
  title = {Approach Avoidance Training in the Eating Domain: {{Testing}} the Effectiveness across Three Single Session Studies},
  volume = {85},
  issn = {10958304},
  number = {June 2015},
  journal = {Appetite},
  doi = {10.1016/j.appet.2014.11.017},
  author = {Daniela Becker and Nils B. Jostmann and Reinout W. Wiers and Rob W. Holland},
  year = {2015},
  keywords = {Approach avoidance training,Automatic behavior regulation,Eating behavior,Food choice,Intervention},
  pages = {58--65},
  file = {/Users/loukia/Zotero/storage/75W2UQMK/Becker et al. - 2015 - Approach avoidance training in the eating domain Testing the effectiveness across three single session studies(2).pdf;/Users/loukia/Zotero/storage/CCF8BDGP/Becker et al. - 2015 - Approach avoidance training in the eating domain Testing the effectiveness across three single session studies(2).pdf;/Users/loukia/Zotero/storage/UHU4S4MJ/Becker et al. - 2015 - Approach avoidance training in the eating domain Testing the effectiveness across three single session studies(3).pdf;/Users/loukia/Zotero/storage/VIEM8TUH/Becker et al. - 2015 - Approach avoidance training in the eating domain Testing the effectiveness across three single session studies.pdf;/Users/loukia/Zotero/storage/XUS963GW/Becker et al. - 2015 - Approach avoidance training in the eating domain Testing the effectiveness across three single session studies.pdf},
  pmid = {25447011},
}

@Article{lawrence_training_2015,
  title = {Training Response Inhibition to Food Is Associated with Weight Loss and Reduced Energy Intake},
  volume = {95},
  issn = {10958304},
  journal = {Appetite},
  doi = {10.1016/j.appet.2015.06.009},
  author = {Natalia S. Lawrence and Jamie O'Sullivan and David Parslow and Mahmood Javaid and Rachel C. Adams and Christopher D. Chambers and Katarina Kos and Frederick Verbruggen},
  year = {2015},
  keywords = {Cognitive training,Response inhibition,Disinhibition,Energy intake,Food liking,Weight loss},
  pages = {17--28},
  file = {/Users/loukia/Zotero/storage/45R742LR/Lawrence et al. - 2015 - Training response inhibition to food is associated with weight loss and reduced energy intake(2).pdf;/Users/loukia/Zotero/storage/G9JMZ33S/Lawrence et al. - 2015 - Training response inhibition to food is associated.pdf;/Users/loukia/Zotero/storage/GAEKLF4U/Lawrence et al. - 2015 - Training response inhibition to food is associated.pdf;/Users/loukia/Zotero/storage/IDK28APU/Lawrence et al. - 2015 - Training response inhibition to food is associated with weight loss and reduced energy intake.pdf;/Users/loukia/Zotero/storage/J937TTEE/Lawrence et al. - 2015 - Training response inhibition to food is associated.pdf},
  pmid = {26122756},
}

@Article{lawrence_stopping_2015,
  title = {Stopping to Food Can Reduce Intake. {{Effects}} of Stimulus-Specificity and Individual Differences in Dietary Restraint},
  volume = {85},
  issn = {10958304},
  journal = {Appetite},
  doi = {10.1016/j.appet.2014.11.006},
  author = {Natalia S. Lawrence and Frederick Verbruggen and Sinead Morrison and Rachel C. Adams and Christopher D. Chambers},
  year = {2015},
  keywords = {Cognitive training,Dietary restraint,Food intake,Response inhibition,Overeating,Signal task,Stop},
  pages = {91--103},
  file = {/Users/loukia/Zotero/storage/CJUJ3WYX/Lawrence et al. - 2015 - Stopping to food can reduce intake. Effects of sti.pdf;/Users/loukia/Zotero/storage/FNLMQI5T/Lawrence et al. - 2015 - Stopping to food can reduce intake. Effects of sti.pdf;/Users/loukia/Zotero/storage/Q78RGK3I/Lawrence et al. - 2015 - Stopping to food can reduce intake. Effects of sti.pdf;/Users/loukia/Zotero/storage/UTEDPBFS/Lawrence et al. - 2015 - Stopping to food can reduce intake. Effects of stimulus-specificity and individual differences in dietary restr.pdf},
  pmid = {25447023},
}

@Article{chen_how_2016,
  title = {How Does Not Responding to Appetitive Stimuli Cause Devaluation: {{Evaluative}} Conditioning or Response Inhibition?},
  volume = {145},
  issn = {1939-2222, 0096-3445},
  shorttitle = {How Does Not Responding to Appetitive Stimuli Cause Devaluation},
  language = {en},
  number = {12},
  journal = {Journal of Experimental Psychology: General},
  doi = {10.1037/xge0000236},
  author = {Zhang Chen and Harm Veling and Ap Dijksterhuis and Rob W. Holland},
  year = {2016},
  pages = {1687-1701},
  file = {/Users/loukia/Zotero/storage/8K78HL77/Chen et al. - 2016 - How does not responding to appetitive stimuli caus.pdf;/Users/loukia/Zotero/storage/DEPIFKQH/Chen et al. - 2016 - How does not responding to appetitive stimuli caus.pdf;/Users/loukia/Zotero/storage/RXIHXZ9P/Chen et al. - 2016 - How does not responding to appetitive stimuli caus.pdf;/Users/loukia/Zotero/storage/SVBLY4SG/Chen et al. - 2016 - How does not responding to appetitive stimuli caus.pdf;/Users/loukia/Zotero/storage/SWU9ZK4I/Chen et al. - 2016 - How does not responding to appetitive stimuli caus.pdf},
}

@Article{chen_when_2018,
  title = {When Mere Action versus Inaction Leads to Robust Preference Change},
  language = {en},
  doi = {10.17605/OSF.IO/ZY9W3},
  author = {Zhang Chen and Rob Holland and Julian Quandt and Ap Dijksterhuis and Harm Veling},
  month = {jul},
  year = {2018},
  file = {/Users/loukia/Zotero/storage/BQPCHUMY/zy9w3.html},
}

@Article{chen_go/no-go_2018,
  title = {Go/No-Go Training Changes Food Evaluation in Both Morbidly Obese and Normal-Weight Individuals.},
  volume = {86},
  issn = {1939-2117, 0022-006X},
  language = {en},
  number = {12},
  journal = {Journal of Consulting and Clinical Psychology},
  doi = {10.1037/ccp0000320},
  author = {Zhang Chen and Harm Veling and Stijn P. {de Vries} and Bas Olde Bijvank and Ignace M. C. Janssen and Ap Dijksterhuis and Rob W. Holland},
  month = {dec},
  year = {2018},
  pages = {980-990},
  file = {/Users/loukia/Zotero/storage/NG4QSJPR/Chen et al. - 2018 - Gono-go training changes food evaluation in both .pdf},
}
@Article{benjamin_redefine_2017-1,
  title = {Redefine Statistical Significance},
  issn = {2397-3374},
  journal = {Nat. Hum. Behav.},
  doi = {10.1038/s41562-017-0189-z},
  author = {Daniel J. Benjamin and James O. Berger and Magnus Johannesson and Brian A. Nosek and E.-J. Wagenmakers and Richard Berk and Kenneth A. Bollen and Bj{\"o}rn Brembs and Lawrence Brown and Colin Camerer and David Cesarini and Christopher D. Chambers and Merlise Clyde and Thomas D. Cook and Paul {De Boeck} and Zoltan Dienes and Anna Dreber and Kenny Easwaran and Charles Efferson and Ernst Fehr and Fiona Fidler and Andy P. Field and Malcolm Forster and Edward I. George and Richard Gonzalez and Steven Goodman and Edwin Green and Donald P. Green and Anthony G. Greenwald and Jarrod D. Hadfield and Larry V. Hedges and Leonhard Held and Teck {Hua Ho} and Herbert Hoijtink and Daniel J. Hruschka and Kosuke Imai and Guido Imbens and John P. A. Ioannidis and Minjeong Jeon and James Holland Jones and Michael Kirchler and David Laibson and John List and Roderick Little and Arthur Lupia and Edouard Machery and Scott E. Maxwell and Michael McCarthy and Don A. Moore and Stephen L. Morgan and Marcus Munaf{\a'o} and Shinichi Nakagawa and Brendan Nyhan and Timothy H. Parker and Luis Pericchi and Marco Perugini and Jeff Rouder and Judith Rousseau and Victoria Savalei and Felix D. Sch{\"o}nbrodt and Thomas Sellke and Betsy Sinclair and Dustin Tingley and Trisha {Van Zandt} and Simine Vazire and Duncan J. Watts and Christopher Winship and Robert L. Wolpert and Yu Xie and Cristobal Young and Jonathan Zinman and Valen E. Johnson},
  year = {2017},
  file = {/Users/loukia/Zotero/storage/35WIR7N2/Benjamin et al. - 2017 - Redefine statistical significance.pdf},
}

@Article{button_power_2013,
  title = {Power Failure: Why Small Sample Size Undermines the Reliability of Neuroscience},
  volume = {14},
  issn = {1471-003X},
  number = {5},
  journal = {Nat. Rev. Neurosci.},
  doi = {10.1038/nrn3475},
  author = {Katherine S. Button and John P. A. Ioannidis and Claire Mokrysz and Brian A. Nosek and Jonathan Flint and Emma S. J. Robinson and Marcus R. Munaf{\a`o}},
  year = {2013},
  pages = {365--376},
  file = {/Users/loukia/Zotero/storage/AWF8ZE6L/Button et al. - 2013 - Power failure why small sample size undermines the reliability of neuroscience.pdf},
  pmid = {23571845},
}

@Article{faul_statistical_2009,
  title = {Statistical Power Analyses Using {{G}}*{{Power}} 3.1: {{Tests}} for Correlation and Regression Analyses},
  volume = {41},
  issn = {1554-351X},
  number = {4},
  journal = {Behav. Res. Methods},
  doi = {10.3758/BRM.41.4.1149},
  author = {Franz Faul and Edgar Erdfelder and Axel Buchner and Albert-Georg Lang},
  year = {2009},
  pages = {1149--1160},
  file = {/Users/loukia/Zotero/storage/QEGKSYWR/Faul et al. - 2009 - Statistical power analyses using GPower 3.1 Tests for correlation and regression analyses.pdf},
  pmid = {19897823},
}

@Article{veling_using_2011,
  title = {Using Stop Signals to Inhibit Chronic Dieters' Responses toward Palatable Foods},
  volume = {49},
  issn = {00057967},
  number = {11},
  journal = {Behav. Res. Ther.},
  doi = {10.1016/j.brat.2011.08.005},
  author = {Harm Veling and Henk Aarts and Esther K. Papies},
  year = {2011},
  keywords = {Food,Self-control,Inhibition,Dieting,Impulse},
  pages = {771--780},
  file = {/Users/loukia/Zotero/storage/2SSLAWTJ/Veling et al 2013.pdf;/Users/loukia/Zotero/storage/3QLE7GDX/veling2013.pdf;/Users/loukia/Zotero/storage/5E5XTT96/benjamin et al 2017.pdf;/Users/loukia/Zotero/storage/8968TYZS/Cue Approach Replication - OSF.docx;/Users/loukia/Zotero/storage/ARDACRFY/main.pdf;/Users/loukia/Zotero/storage/C76CITRY/originalAATpaper.pdf;/Users/loukia/Zotero/storage/FSU8SNXI/Journal of Experimental Psychology General 2016 Miles (003).pdf;/Users/loukia/Zotero/storage/N3YVFG87/1-s2.0-S0195666315002962-main.pdf;/Users/loukia/Zotero/storage/QAMZRGG8/Phaf et al._2014.pdf;/Users/loukia/Zotero/storage/RG6C2467/0956797611400615.pdf;/Users/loukia/Zotero/storage/RY9PAXN2/Veling_etal_2017_TimePressure_FoodChoice.pdf;/Users/loukia/Zotero/storage/U26MC5LD/Veling, Aarts, Papies - 2011 - Using stop signals to inhibit chronic dieters' responses toward palatable foods.pdf;/Users/loukia/Zotero/storage/UXJPVICT/AssociationandInhibitionMcLarenandVerbruggen_inpress.pdf;/Users/loukia/Zotero/storage/XW67Z8CJ/Neuman  Strack 2000.pdf;/Users/loukia/Zotero/storage/Z5VS3TVV/Veling_etal_2017_FoodGNG_Mechansism_Review.pdf;/Users/loukia/Zotero/storage/Z6PW9PZI/schonberg2014.pdf},
  pmid = {21906724},
}

@Article{veling_training_2017,
  title = {Training {{Impulsive Choices}} for {{Healthy}} and {{Sustainable Food}}.},
  volume = {23},
  issn = {1939-2192},
  number = {1},
  journal = {J. Exp. Psychol. Appl.},
  doi = {10.1037/xap0000112},
  author = {Harm Veling and Zhang Chen and Merel C. Tombrock and Iris a. M. Verpaalen and Laura I. Schmitz and Ap Dijksterhuis and Rob W. Holland},
  year = {2017},
  keywords = {training,attention,cue-approach,decisions that are important,each day people make,food choice,for their,health and well-being,impulsive,may be the result,occur quickly,of careful deliberation,some of these decisions,whereas other decisions may},
  pages = {1--14},
  file = {/Users/loukia/Zotero/storage/EJAGTJWF/Veling et al. - 2017 - Training impulsive choices for healthy and sustain.pdf;/Users/loukia/Zotero/storage/NWZ4WDN9/Veling et al. - 2017 - Training Impulsive Choices for Healthy and Sustainable Food.pdf;/Users/loukia/Zotero/storage/VQVQXBT9/Veling et al. - 2017 - Training impulsive choices for healthy and sustain.pdf},
}

@Article{veling_what_2017,
  title = {What {{Is Trained During Food Go}}/{{No}}-{{Go Training}}? {{A Review Focusing}} on {{Mechanisms}} and a {{Research Agenda}}},
  volume = {4},
  issn = {2196-2952},
  number = {1},
  journal = {Curr. Addict. Reports},
  doi = {10.1007/s40429-017-0131-5},
  author = {Harm Veling and Natalia S. Lawrence and Zhang Chen and Guido M. {van Koningsbruggen} and Rob W. Holland},
  year = {2017},
  keywords = {Training,training,eating behavior,Food choice,inhibition,go,Go/no-go,food choice,impulsive,Eating beh,Impulsive,no-go},
  pages = {35--41},
  file = {/Users/loukia/Zotero/storage/3E8NV2WR/Veling et al. - 2017 - What Is Trained During Food GoNo-Go Training A Review Focusing on Mechanisms and a Research Agenda.pdf;/Users/loukia/Zotero/storage/A9S3UREY/Veling et al. - 2017 - What Is Trained During Food GoNo-Go Training A R.pdf;/Users/loukia/Zotero/storage/S5IUPE6L/Veling et al. - 2017 - What Is Trained During Food GoNo-Go Training A R.pdf},
  pmid = {28357193},
}

@Article{noauthor_rlq7udyhuv_nodate,
  title = {({{Rlq7Udyhuv 4Xlfnvwduw0Rxvhwudfnlqj}}},
  pages = {7},
  file = {/Users/loukia/Zotero/storage/PGJLZTCW/Unknown - Unknown - (Rlq7Udyhuv 4Xlfnvwduw0Rxvhwudfnlqj.pdf},
}

@Article{schumacher_bias_2016,
  title = {Bias Modification Training Can Alter Approach Bias and Chocolate Consumption},
  volume = {96},
  issn = {0195-6663},
  journal = {Appetite},
  doi = {10.1016/j.appet.2015.09.014},
  author = {Sophie E. Schumacher and Eva Kemps and Marika Tiggemann},
  month = {jan},
  year = {2016},
  keywords = {Approach bias,Cognitive bias modification,Chocolate,Consumption,Approach-avoidance task},
  pages = {219-224},
  file = {/Users/loukia/Zotero/storage/H9YYNCRB/S0195666315300246.html},
}

@Article{folkvord_targeting_2016,
  title = {Targeting Implicit Approach Reactions to Snack Food in Children: {{Effects}} on Intake.},
  volume = {35},
  issn = {1930-7810, 0278-6133},
  shorttitle = {Targeting Implicit Approach Reactions to Snack Food in Children},
  language = {en},
  number = {8},
  journal = {Health Psychology},
  doi = {10.1037/hea0000365},
  author = {Frans Folkvord and Harm Veling and Hans Hoeken},
  year = {2016},
  pages = {919-922},
  file = {/Users/loukia/Zotero/storage/IZ96DVQ9/Folkvord et al. - 2016 - Targeting implicit approach reactions to snack foo.pdf;/Users/loukia/Zotero/storage/JDVS2BZD/Folkvord et al. - 2016 - Targeting implicit approach reactions to snack foo.pdf},
}
@Article{wiers_relatively_2009,
  title = {Relatively Strong Automatic Appetitive Action-Tendencies in Male Carriers of the {{OPRM1 G}}-Allele},
  volume = {8},
  issn = {16011848},
  number = {1},
  journal = {Genes, Brain Behav.},
  doi = {10.1111/j.1601-183X.2008.00454.x},
  author = {R. W. Wiers and Mike Rinck and M. Dictus and E. {Van Den Wildenberg}},
  year = {2009},
  keywords = {Approach,Avoidance,Alcohol,Endophenotype,Implicit cognition,OPRM1},
  pages = {101--106},
  file = {/Users/loukia/Zotero/storage/W3D6YRNX/Wiers et al. - 2009 - Relatively strong automatic appetitive action-tendencies in male carriers of the OPRM1 G-allele.pdf},
  pmid = {19016889},
}

@Article{schonbrodt_bayes_2018,
  title = {Bayes Factor Design Analysis: {{Planning}} for Compelling Evidence},
  volume = {25},
  issn = {1069-9384, 1531-5320},
  shorttitle = {Bayes Factor Design Analysis},
  language = {en},
  journal = {Psychonomic Bulletin \& Review},
  doi = {10.3758/s13423-017-1230-y},
  author = {Felix D. Sch{\"o}nbrodt and Eric-Jan Wagenmakers},
  year = {2018},
  pages = {128-142},
  file = {/Users/loukia/Zotero/storage/9P6X5WLC/Schönbrodt and Wagenmakers - 2017 - Bayes factor design analysis Planning for compell.pdf;/Users/loukia/Zotero/storage/ESXHTXQE/10.html},
}
@Article{allom_does_2016,
  title = {Does Inhibitory Control Training Improve Health Behaviour? {{A}} Meta-Analysis},
  volume = {10},
  issn = {17437202},
  number = {2},
  journal = {Health Psychol. Rev.},
  doi = {10.1080/17437199.2015.1051078},
  author = {Vanessa Allom and Barbara Mullan and Martin Hagger},
  year = {2016},
  keywords = {Inhibitory control,go/no-go,health behaviour,meta-analysis,stop-signal,training},
  pages = {168--186},
  file = {/Users/loukia/Zotero/storage/9UBQQFFG/Allom, Mullan, Hagger - 2016 - Does inhibitory control training improve health behaviour A meta-analysis.pdf},
  pmid = {26058688},
}
@Article{phaf_approach_2014,
  title = {Approach, Avoidance, and Affect: {{A}} Meta-Analysis of Approach-Avoidance Tendencies in Manual Reaction Time Tasks},
  volume = {5},
  issn = {16641078},
  number = {378},
  journal = {Front. Psychol.},
  doi = {10.3389/fpsyg.2014.00378},
  author = {R. Hans Phaf and S{\"o}ren E. Mohr and Mark Rotteveel and Jelte M. Wicherts},
  year = {2014},
  keywords = {Approach,Avoidance,Affect,Arm movement,Direct vs. indirect},
  pages = {1--16},
  file = {/Users/loukia/Zotero/storage/2NX3LHTA/Hans Phaf et al. - 2014 - Approach, avoidance, and affect A meta-analysis of approach-avoidance tendencies in manual reaction time ta(2).pdf;/Users/loukia/Zotero/storage/3QADWWLD/Hans Phaf et al. - 2014 - Approach, avoidance, and affect A meta-analysis of approach-avoidance tendencies in manual reaction time tasks.pdf;/Users/loukia/Zotero/storage/576UFI5U/Hans Phaf et al. - 2014 - Approach, avoidance, and affect A meta-analysis of approach-avoidance tendencies in manual reaction time ta(3).pdf;/Users/loukia/Zotero/storage/7VH5IKDR/Phaf et al. - 2014 - Approach, avoidance, and affect a meta-analysis o.pdf;/Users/loukia/Zotero/storage/IIPBXNT8/Phaf et al. - 2014 - Approach, avoidance, and affect a meta-analysis o.pdf;/Users/loukia/Zotero/storage/JJTD5G8Q/Phaf et al. - 2014 - Approach, avoidance, and affect a meta-analysis o.pdf;/Users/loukia/Zotero/storage/LTI646V9/Hans Phaf et al. - 2014 - Approach, avoidance, and affect A meta-analysis of approach-avoidance tendencies in manual reaction time tasks.pdf;/Users/loukia/Zotero/storage/X5FFPW86/Phaf et al. - 2014 - Approach, avoidance, and affect a meta-analysis o.pdf},
  pmid = {24847292},
}

@Article{houben_eating_2014,
  title = {Eating on Impulse: {{The}} Relation between Overweight and Food-Specific Inhibitory Control},
  volume = {22},
  issn = {1930739X},
  number = {5},
  journal = {Obesity},
  doi = {10.1002/oby.20670},
  author = {Katrijn Houben and Chantal Nederkoorn and Anita Jansen},
  year = {2014},
  pages = {2013--2015},
  file = {/Users/loukia/Zotero/storage/NMKKH9NG/Houben, Nederkoorn, Jansen - 2014 - Eating on impulse The relation between overweight and food-specific inhibitory control.pdf},
  pmid = {24910860},
}

@Article{meule_short_2014-1,
  title = {A Short Version of the Food Cravings Questionnaire-Trait: {{The FCQ}}-{{T}}-Reduced},
  volume = {5},
  issn = {16641078},
  number = {MAR},
  journal = {Front. Psychol.},
  doi = {10.3389/fpsyg.2014.00190},
  author = {Adrian Meule and Tina Hermann and Andrea K{\"u}bler},
  year = {2014},
  keywords = {Food-cues,Food craving,Reliability,Validity,Body mass index,Dieting success,Food cravings questionnaire,Psychometric properties},
  pages = {1--10},
  file = {/Users/loukia/Zotero/storage/WZN8VBZ6/Meule et al. - 2014 - A short version of the Food Cravings Questionnaire.pdf},
  pmid = {24624116},
}

@Misc{richard_d._morey_verbal_2015-1,
  title = {On Verbal Categories for the Interpretation of {{Bayes}} Factors},
  author = {{Richard D. Morey}},
  year = {2015},
}

@Article{hoerger_development_2011,
  title = {Development and Validation of the {{Delaying Gratification Inventory}}.},
  volume = {23},
  issn = {1939-134X, 1040-3590},
  language = {en},
  number = {3},
  journal = {Psychological Assessment},
  doi = {10.1037/a0023286},
  author = {Michael Hoerger and Stuart W. Quirk and Nathan C. Weed},
  year = {2011},
  pages = {725-738},
  file = {/Users/loukia/Zotero/storage/LNB566YY/Hoerger et al. - 2011 - Development and validation of the Delaying Gratifi.pdf},
}

@Article{de_boer_stop_2011,
  title = {Stop and Start Control: {{A}} Distinction within Self-Control},
  volume = {25},
  issn = {08902070},
  shorttitle = {Stop and Start Control},
  language = {en},
  number = {5},
  journal = {European Journal of Personality},
  doi = {10.1002/per.796},
  author = {Benjamin J. {De Boer} and Edwin A. J. {van Hooft} and Arnold B. Bakker},
  month = {sep},
  year = {2011},
  pages = {349-362},
  file = {/Users/loukia/Zotero/storage/BA4UTDI4/de Boer et al. - 2011 - Stop and start control A distinction within self-.pdf},
}
@Article{veling_when_2008,
  title = {When Approach Motivation and Behavioral Inhibition Collide: {{Behavior}} Regulation through Stimulus Devaluation},
  volume = {44},
  issn = {0022-1031},
  shorttitle = {When Approach Motivation and Behavioral Inhibition Collide},
  number = {4},
  journal = {Journal of Experimental Social Psychology},
  doi = {10.1016/j.jesp.2008.03.004},
  author = {Harm Veling and Rob W. Holland and Ad {van Knippenberg}},
  month = {jul},
  year = {2008},
  keywords = {Inhibition,Approach,Affect,Response conflict,Behavior-regulation},
  pages = {1013-1019},
  file = {/Users/loukia/Zotero/storage/YI35VYNU/Veling et al. - 2008 - When approach motivation and behavioral inhibition.pdf;/Users/loukia/Zotero/storage/SYCSDME9/S0022103108000371.html},
}
@Article{nederkoorn_specificity_2012,
  title = {Specificity of the Failure to Inhibit Responses in Overweight Children},
  volume = {59},
  issn = {01956663},
  number = {2},
  journal = {Appetite},
  doi = {10.1016/j.appet.2012.05.028},
  author = {Chantal Nederkoorn and Jennifer S. Coelho and Ramona Guerrieri and Katrijn Houben and Anita Jansen},
  year = {2012},
  keywords = {Self-control,Obesity,Impulsivity,Exposure,Food cue,Specificity},
  pages = {409--413},
  file = {/Users/loukia/Zotero/storage/NZCVBSWC/Nederkoorn et al. - 2012 - Specificity of the failure to inhibit responses in overweight children.pdf},
  pmid = {22664299},
}
@Article{lavagnino_inhibitory_2016,
  title = {Inhibitory Control in Obesity and Binge Eating Disorder: {{A}} Systematic Review and Meta-Analysis of Neurocognitive and Neuroimaging Studies},
  volume = {68},
  issn = {18737528},
  journal = {Neurosci. Biobehav. Rev.},
  doi = {10.1016/j.neubiorev.2016.06.041},
  author = {Luca Lavagnino and Danilo Arnone and Bo Cao and Jair C. Soares and Sudhakar Selvaraj},
  year = {2016},
  keywords = {Inhibitory control,Obesity,Stop signal,Prefrontal cortex,Binge eating,Go/nogo},
  pages = {714--726},
  file = {/Users/loukia/Zotero/storage/B8X4663A/Lavagnino et al. - 2016 - Inhibitory control in obesity and binge eating disorder A systematic review and meta-analysis of neurocognitiv.pdf},
  pmid = {27381956},
}
@Article{adams_training_2017,
  title = {Training Response Inhibition to Reduce Food Consumption: {{Mechanisms}}, Stimulus Specificity and Appropriate Training Protocols},
  volume = {109},
  issn = {10958304},
  journal = {Appetite},
  doi = {10.1016/j.appet.2016.11.014},
  author = {Rachel C. Adams and Natalia S. Lawrence and Frederick Verbruggen and Christopher D. Chambers},
  year = {2017},
  keywords = {Cognitive training,Dietary restraint,Food intake,Implicit attitudes,Response inhibition},
  pages = {11--23},
  file = {/Users/loukia/Zotero/storage/77Z9EHVU/Adams et al. - 2017 - Training response inhibition to reduce food consum.pdf;/Users/loukia/Zotero/storage/K9MKCHFK/Adams et al. - 2017 - Training response inhibition to reduce food consum.pdf;/Users/loukia/Zotero/storage/PLQS4CMS/Adams et al. - 2017 - Training response inhibition to reduce food consum.pdf;/Users/loukia/Zotero/storage/WUL6X3BC/Adams et al. - 2017 - Training response inhibition to reduce food consumption Mechanisms, stimulus specificity and appropriate training.pdf},
  pmid = {27838443},
}
@Article{veling_targeting_2014,
  title = {Targeting Impulsive Processes of Eating Behavior via the Internet. {{Effects}} on Body Weight},
  volume = {78},
  issn = {10958304},
  journal = {Appetite},
  doi = {10.1016/j.appet.2014.03.014},
  author = {Harm Veling and Guido M. {van Koningsbruggen} and Henk Aarts and Wolfgang Stroebe},
  year = {2014},
  keywords = {Inhibition,Dieting,Habit,Weight loss,Impulsive,Implementation intention},
  pages = {102--109},
  file = {/Users/loukia/Zotero/storage/LA3PNYJX/Veling et al. - 2014 - Targeting impulsive processes of eating behavior via the internet. Effects on body weight.pdf},
  pmid = {24675683},
}
@Article{wagenmakers_how_2016-1,
  title = {How to Quantify the Evidence for the Absence of a Correlation},
  volume = {48},
  issn = {1554-3528},
  language = {en},
  number = {2},
  journal = {Behavior Research Methods},
  doi = {10.3758/s13428-015-0593-0},
  author = {Eric-Jan Wagenmakers and Josine Verhagen and Alexander Ly},
  month = {jun},
  year = {2016},
  pages = {413-426},
  file = {/Users/loukia/Zotero/storage/QDWUNHH5/Wagenmakers et al. - 2016 - How to quantify the evidence for the absence of a .pdf},
}
@Misc{who_obesity_2018,
  title = {Obesity and Overweight},
  language = {en},
  journal = {World Health Organization},
  howpublished = {https://www.who.int/news-room/fact-sheets/detail/obesity-and-overweight},
  author = {{WHO}},
  year = {2018},
  file = {/Users/loukia/Zotero/storage/KAWN6KPY/obesity-and-overweight.html},
}
@Article{havermans_pavlovian_2013,
  title = {Pavlovian {{Craving}} and {{Overeating}}: {{A Conditioned Incentive Model}}},
  volume = {2},
  issn = {2162-4968},
  shorttitle = {Pavlovian {{Craving}} and {{Overeating}}},
  language = {en},
  number = {2},
  journal = {Current Obesity Reports},
  doi = {10.1007/s13679-013-0053-z},
  author = {Remco C. Havermans},
  month = {jun},
  year = {2013},
  pages = {165-170},
  file = {/Users/loukia/Zotero/storage/N2RQ3M7I/Havermans - 2013 - Pavlovian Craving and Overeating A Conditioned In.pdf},
}
@Article{jones_cognitive_2018,
  title = {Cognitive Training as a Potential Treatment for Overweight and Obesity: {{A}} Critical Review of the Evidence},
  volume = {124},
  issn = {01956663},
  shorttitle = {Cognitive Training as a Potential Treatment for Overweight and Obesity},
  language = {en},
  journal = {Appetite},
  doi = {10.1016/j.appet.2017.05.032},
  author = {Andrew Jones and Charlotte A. Hardman and Natalia Lawrence and Matt Field},
  month = {may},
  year = {2018},
  keywords = {Cognitive training,Executive function,Obesity,Associative learning,Appetite,BMI},
  pages = {50-67},
  file = {/Users/loukia/Zotero/storage/4SAC76EE/Jones et al. - 2018 - Cognitive training as a potential treatment for ov.pdf;/Users/loukia/Zotero/storage/6VC8WQM8/Jones et al. - 2018 - Cognitive training as a potential treatment for ov.pdf;/Users/loukia/Zotero/storage/9FX4HU37/Jones et al. - 2018 - Cognitive training as a potential treatment for ov.pdf;/Users/loukia/Zotero/storage/CMEU5ZA2/Jones et al. - 2018 - Cognitive training as a potential treatment for ov.pdf;/Users/loukia/Zotero/storage/K3BHCERZ/Jones et al_2018_Cognitive training as a potential treatment for overweight and obesity.pdf;/Users/loukia/Zotero/storage/MDP9G2KZ/Jones et al. - 2018 - Cognitive training as a potential treatment for ov.pdf;/Users/loukia/Zotero/storage/ABRIQ24W/S0195666317301599.html;/Users/loukia/Zotero/storage/FCIQLFUU/S0195666317301599.html},
}

@Article{kakoschke_approach_2017,
  title = {Approach Bias Modification Training and Consumption: {{A}} Review of the Literature},
  volume = {64},
  issn = {0306-4603},
  shorttitle = {Approach Bias Modification Training and Consumption},
  journal = {Addictive Behaviors},
  doi = {10.1016/j.addbeh.2016.08.007},
  author = {Naomi Kakoschke and Eva Kemps and Marika Tiggemann},
  month = {jan},
  year = {2017},
  keywords = {Approach bias,Behaviour,Cognitive bias modification,Consumption,Training},
  pages = {21-28},
  file = {/Users/loukia/Zotero/storage/XXUDM8AI/S0306460316302787.html},
}
@Article{wiers_automatic_2013,
  title = {Automatic Approach Bias towards Smoking Cues Is Present in Smokers but Not in Ex-Smokers},
  volume = {229},
  issn = {1432-2072},
  language = {en},
  number = {1},
  journal = {Psychopharmacology},
  doi = {10.1007/s00213-013-3098-5},
  author = {Corinde E. Wiers and Simone K{\"u}hn and Amir Homayoun Javadi and Ozlem Korucuoglu and Reinout W. Wiers and Henrik Walter and J{\"u}rgen Gallinat and Felix Bermpohl},
  month = {sep},
  year = {2013},
  keywords = {Addiction,Approach avoidance task,Approach bias,Implicit cognition,Smoking,Smoking cessation},
  pages = {187-197},
}
@Article{field_selective_2006,
  title = {Selective Processing of Cannabis Cues in Regular Cannabis Users},
  volume = {85},
  issn = {03768716},
  language = {en},
  number = {1},
  journal = {Drug and Alcohol Dependence},
  doi = {10.1016/j.drugalcdep.2006.03.018},
  author = {Matt Field and Brian Eastwood and Brendan P. Bradley and Karin Mogg},
  month = {oct},
  year = {2006},
  pages = {75-82},
  file = {/Users/loukia/Zotero/storage/FWD6DJQZ/Field et al. - 2006 - Selective processing of cannabis cues in regular c.pdf},
}

@Article{bradley_affective_2008,
  title = {Do the Affective Properties of Smoking-Related Cues Influence Attentional and Approach Biases in Cigarette Smokers?},
  volume = {22},
  issn = {0269-8811},
  language = {en},
  number = {7},
  journal = {Journal of Psychopharmacology},
  doi = {10.1177/0269881107083844},
  author = {BP Bradley and M. Field and H. Healy and K. Mogg},
  month = {sep},
  year = {2008},
  pages = {737-745},
}
@Article{kemps_approach_2015,
  title = {Approach Bias for Food Cues in Obese Individuals},
  volume = {30},
  issn = {14768321},
  number = {3},
  journal = {Psychol. Heal.},
  doi = {10.1080/08870446.2014.974605},
  author = {Eva Kemps and Marika Tiggemann},
  year = {2015},
  keywords = {hunger,obesity,approach bias,food cues,implicit association task},
  pages = {370--380},
  file = {/Users/loukia/Zotero/storage/4L4Q4TP9/Kemps and Tiggemann - 2015 - Approach bias for food cues in obese individuals.pdf;/Users/loukia/Zotero/storage/AMJAUKJ2/Kemps, Tiggemann - 2015 - Approach bias for food cues in obese individuals.pdf;/Users/loukia/Zotero/storage/DSFHNLS7/Kemps and Tiggemann - 2015 - Approach bias for food cues in obese individuals.pdf;/Users/loukia/Zotero/storage/E4FFTFEQ/Kemps and Tiggemann - 2015 - Approach bias for food cues in obese individuals.pdf},
  pmid = {25307785},
}

@Article{kemps_implicit_2013,
  title = {Implicit Approach\textendash{}Avoidance Associations for Craved Food Cues.},
  volume = {19},
  issn = {1939-2192},
  number = {1},
  journal = {J. Exp. Psychol. Appl.},
  doi = {10.1037/a0031626},
  author = {Eva Kemps and Marika Tiggemann and Rachel Martin and Mecia Elliott},
  year = {2013},
  keywords = {approach,approach bias,cognitive bias modification,food craving,implicit association task,avoidance association},
  pages = {30--38},
  file = {/Users/loukia/Zotero/storage/9VWZ3V2N/Kemps et al. - 2013 - Implicit approach–avoidance associations for craved food cues.pdf;/Users/loukia/Zotero/storage/HYPGHE79/Kemps et al. - 2013 - Implicit approach–avoidance associations for craved food cues.pdf},
  pmid = {23421423},
}

@Article{brignell_attentional_2009,
  title = {Attentional and Approach Biases for Pictorial Food Cues. {{Influence}} of External Eating},
  volume = {52},
  issn = {0195-6663},
  number = {2},
  journal = {Appetite},
  doi = {10.1016/j.appet.2008.10.007},
  author = {Catherine Brignell and Tanya Griffiths and Brendan P. Bradley and Karin Mogg},
  month = {apr},
  year = {2009},
  keywords = {Cognitive bias,Reward,Attentional bias,Implicit evaluation,Food cues,External eating},
  pages = {299-306},
  file = {/Users/loukia/Zotero/storage/GIW94JNF/Brignell et al. - 2009 - Attentional and approach biases for pictorial food.pdf;/Users/loukia/Zotero/storage/5GPSE94C/S0195666308005813.html},
}

@Article{veenstra_restrained_2010,
  title = {Restrained Eaters Show Enhanced Automatic Approach Tendencies towards Food},
  volume = {55},
  issn = {0195-6663},
  number = {1},
  journal = {Appetite},
  doi = {10.1016/j.appet.2010.03.007},
  author = {Esther M. Veenstra and Peter J. {de Jong}},
  month = {aug},
  year = {2010},
  keywords = {Food,Overeating,Approach tendencies,Liking associations},
  pages = {30-36},
  file = {/Users/loukia/Zotero/storage/S8Y6BUYI/Veenstra and de Jong - 2010 - Restrained eaters show enhanced automatic approach.pdf;/Users/loukia/Zotero/storage/RDHA3MST/S0195666310000802.html},
}
@Article{bartholdy_systematic_2016,
  title = {A Systematic Review of the Relationship between Eating, Weight and Inhibitory Control Using the Stop Signal Task},
  volume = {64},
  issn = {18737528},
  journal = {Neurosci. Biobehav. Rev.},
  doi = {10.1016/j.neubiorev.2016.02.010},
  author = {Savani Bartholdy and Bethan Dalton and Owen G. O'Daly and Iain C. Campbell and Ulrike Schmidt},
  year = {2016},
  keywords = {Inhibitory control,Weight,Obesity,Eating disorders,Eating,Stop signal task},
  pages = {35--62},
  file = {/Users/loukia/Zotero/storage/RIUJAS3M/Bartholdy et al. - 2016 - A systematic review of the relationship between ea.pdf;/Users/loukia/Zotero/storage/UNPXX2N6/Bartholdy et al. - 2016 - A systematic review of the relationship between eating, weight and inhibitory control using the stop signal ta.pdf;/Users/loukia/Zotero/storage/GLMC5HXW/S0149763415303092.html},
  pmid = {26900651},
}
@Article{nederkoorn_control_2010,
  title = {Control {{Yourself}} or {{Just Eat What You Like}}? {{Weight Gain Over}} a {{Year Is Predicted}} by an {{Interactive Effect}} of {{Response Inhibition}} and {{Implicit Preference}} for {{Snack Foods}}},
  volume = {29},
  shorttitle = {Control {{Yourself}} or {{Just Eat What You Like}}?},
  journal = {Health psychology : official journal of the Division of Health Psychology, American Psychological Association},
  doi = {10.1037/a0019921},
  author = {Chantal Nederkoorn and Katrijn Houben and Wilhelm Hofmann and Anne Roefs and Anita Jansen},
  month = {jul},
  year = {2010},
  pages = {389-93},
  file = {/Users/loukia/Zotero/storage/75ZDBZVY/Nederkoorn et al. - 2010 - Control Yourself or Just Eat What You Like Weight.pdf},
}
@Article{jasinska_impulsivity_2012,
  title = {Impulsivity and Inhibitory Control Deficits Are Associated with Unhealthy Eating in Young Adults},
  volume = {59},
  issn = {0195-6663},
  number = {3},
  journal = {Appetite},
  doi = {10.1016/j.appet.2012.08.001},
  author = {Agnes J. Jasinska and Marie Yasuda and Charles F. Burant and Nicolette Gregor and Sara Khatri and Matthew Sweet and Emily B. Falk},
  month = {dec},
  year = {2012},
  keywords = {Response inhibition,Executive function,Obesity,Eating,Cognitive control,Decision making,Structural equation modeling},
  pages = {738-747},
  file = {/Users/loukia/Zotero/storage/29SEV3BQ/Jasinska et al. - 2012 - Impulsivity and inhibitory control deficits are as.pdf;/Users/loukia/Zotero/storage/ZKZCZBQP/S0195666312002474.html},
}
@Article{guerrieri_influence_2007,
  title = {The Influence of Trait and Induced State Impulsivity on Food Intake in Normal-Weight Healthy Women},
  volume = {49},
  issn = {0195-6663},
  number = {1},
  journal = {Appetite},
  doi = {10.1016/j.appet.2006.11.008},
  author = {Ramona Guerrieri and Chantal Nederkoorn and Kasia Stankiewicz and Hugo Alberts and Nicole Geschwind and Carolien Martijn and Anita Jansen},
  month = {jul},
  year = {2007},
  keywords = {Food intake,Impulsiveness,Inhibitory control,Priming},
  pages = {66-73},
}
@Article{hall_executive_2012,
  title = {Executive Control Resources and Frequency of Fatty Food Consumption: Findings from an Age-Stratified Community Sample},
  volume = {31},
  issn = {1930-7810},
  shorttitle = {Executive Control Resources and Frequency of Fatty Food Consumption},
  language = {eng},
  number = {2},
  journal = {Health Psychology: Official Journal of the Division of Health Psychology, American Psychological Association},
  doi = {10.1037/a0025407},
  author = {Peter A. Hall},
  month = {mar},
  year = {2012},
  keywords = {Adolescent,Adult,Aged,Aged; 80 and over,Aging,Body Mass Index,Cognition,Diet,Diet Records,Dietary Fats,Executive Function,Feeding Behavior,Female,Food,Humans,Male,Middle Aged,Regression Analysis,Residence Characteristics,Social Class,Young Adult},
  pages = {235-241},
  pmid = {21895367},
}
@Article{wiers_retraining_2011,
  title = {Retraining {{Automatic Action Tendencies Changes Alcoholic Patients}}' {{Approach Bias}} for {{Alcohol}} and {{Improves Treatment Outcome}}},
  volume = {22},
  issn = {0956-7976},
  number = {4},
  journal = {Psychol. Sci.},
  doi = {10.1177/0956797611400615},
  author = {Reinout W. Wiers and Carolin Eberl and Mike Rinck and Eni S. Becker and Johannes Lindenmeyer},
  year = {2011},
  keywords = {approach,avoidance,10,alcohol,motivation,19,received 5,25,a central paradox of,addiction is that addicted,alcoholism,cognitive-bias modification,people continue,revision accepted 10},
  pages = {490--497},
  file = {/Users/loukia/Zotero/storage/2SX6TJX4/0956797611400615.pdf;C:\\Users\\lucia\\Desktop\\0956797611400615.pdf},
  pmid = {21389338},
}
@Article{wittekind_approach-avoidance_2015,
  title = {The Approach-Avoidance Task as an Online Intervention in Cigarette Smoking: {{A}} Pilot Study},
  volume = {46},
  issn = {0005-7916},
  shorttitle = {The Approach-Avoidance Task as an Online Intervention in Cigarette Smoking},
  journal = {Journal of Behavior Therapy and Experimental Psychiatry},
  doi = {10.1016/j.jbtep.2014.08.006},
  author = {Charlotte E. Wittekind and Ansgar Feist and Brooke C. Schneider and Steffen Moritz and Anja Fritzsche},
  month = {mar},
  year = {2015},
  keywords = {Approach-avoidance task,Cessation,Cognitive bias modification,Retraining,Smoking},
  pages = {115-120},
  file = {/Users/loukia/Zotero/storage/SMBGSCK5/Wittekind et al. - 2015 - The approach-avoidance task as an online intervent.pdf;/Users/loukia/Zotero/storage/DW4PB596/S0005791614000767.html},
}
@Article{brockmeyer_approach_2015-1,
  title = {Approach {{Bias Modification}} in {{Food Craving}} - {{A Proof}}-of-{{Concept Study}}},
  volume = {23},
  issn = {10990968},
  number = {5},
  journal = {Eur. Eat. Disord. Rev.},
  doi = {10.1002/erv.2382},
  author = {Timo Brockmeyer and Carolyn Hahn and Christina Reetz and Ulrike Schmidt and Hans Christoph Friederich},
  year = {2015},
  keywords = {approach bias,attentional bias,cognitive bias modification,bulimic eating disorders,food craving},
  pages = {352--360},
  file = {/Users/loukia/Zotero/storage/V87DPASD/Brockmeyer et al. - 2015 - Approach Bias Modification in Food Craving - A Proof-of-Concept Study.pdf;/Users/loukia/Zotero/storage/Y57GC5BG/Brockmeyer et al. - 2015 - Approach Bias Modification in Food Craving - A Proof-of-Concept Study(2).pdf},
  pmid = {26136357},
}
@Article{verbruggen_inhibitory_2014,
  title = {The Inhibitory Control Reflex},
  volume = {65},
  issn = {18733514},
  number = {312445},
  journal = {Neuropsychologia},
  doi = {10.1016/j.neuropsychologia.2014.08.014},
  author = {Frederick Verbruggen and Maisy Best and William A. Bowditch and Tobias Stevens and Ian P.L. McLaren},
  year = {2014},
  keywords = {Response inhibition,Executive control,Priming,Learning},
  pages = {263--278},
  file = {/Users/loukia/Zotero/storage/IFBE2F8P/Verbruggen et al. - 2014 - The inhibitory control reflex.pdf;/Users/loukia/Zotero/storage/IK9SKFHK/Verbruggen et al. - 2014 - The inhibitory control reflex.pdf;/Users/loukia/Zotero/storage/J967CLH7/Verbruggen et al. - 2014 - The inhibitory control reflex.pdf;/Users/loukia/Zotero/storage/UGSTGTHG/Verbruggen et al. - 2014 - The inhibitory control reflex.pdf},
  pmid = {25149820},
}
@Article{seibt_prepared_2007-1,
  title = {Prepared to Eat: How Immediate Affective and Motivational Responses to Food Cues Are Influenced by Food Deprivation},
  volume = {37},
  issn = {00462772},
  shorttitle = {Prepared to Eat},
  language = {en},
  number = {2},
  journal = {European Journal of Social Psychology},
  doi = {10.1002/ejsp.365},
  author = {Beate Seibt and Michael H{\"a}fner and Roland Deutsch},
  month = {mar},
  year = {2007},
  pages = {359-379},
  file = {/Users/loukia/Zotero/storage/ST9NIAAP/Seibt et al. - 2007 - Prepared to eat how immediate affective and motiv.pdf;/Users/loukia/Zotero/storage/PFXLFCL3/ejsp.html},
}
@Article{rougier_new_2018,
  title = {A New Look at Sensorimotor Aspects in Approach/Avoidance Tendencies: {{The}} Role of Visual Whole-Body Movement Information},
  volume = {76},
  issn = {00221031},
  shorttitle = {A New Look at Sensorimotor Aspects in Approach/Avoidance Tendencies},
  language = {en},
  journal = {Journal of Experimental Social Psychology},
  doi = {10.1016/j.jesp.2017.12.004},
  author = {Marine Rougier and Dominique Muller and Fran{\c c}ois Ric and Theodore Alexopoulos and C{\a'e}dric Batailler and Annique Smeding and Benoite Aub{\a'e}},
  month = {may},
  year = {2018},
  pages = {42-53},
  file = {/Users/loukia/Zotero/storage/I7DX4Y7H/Rougier et al. - 2018 - A new look at sensorimotor aspects in approachavo.pdf},
}
@Article{sharbanee_approach-alcohol_2014,
  title = {Approach-Alcohol Action Tendencies Can Be Inhibited by Cognitive Load},
  volume = {231},
  issn = {00333158},
  number = {5},
  journal = {Psychopharmacology (Berl).},
  doi = {10.1007/s00213-013-3318-z},
  author = {Jason M. Sharbanee and Werner G.K. Stritzke and M. Effin Jamalludin and Reinout W. Wiers},
  year = {2014},
  keywords = {Inhibition,Addiction,Alcohol,Approach avoidance,Action tendency,Interference suppression},
  pages = {967--975},
  file = {/Users/loukia/Zotero/storage/TEIPLLCV/Sharbanee et al. - 2014 - Approach-alcohol action tendencies can be inhibited by cognitive load.pdf},
  pmid = {24177315},
}
@Article{van_deursen_web-based_2013,
  title = {Web-Based Cognitive Bias Modification for Problem Drinkers: Protocol of a Randomised Controlled Trial with a 2x2x2 Factorial Design},
  volume = {13},
  issn = {1471-2458},
  shorttitle = {Web-Based Cognitive Bias Modification for Problem Drinkers},
  journal = {BMC Public Health},
  doi = {10.1186/1471-2458-13-674},
  author = {Denise S {van Deursen} and Elske Salemink and Filip Smit and Jeannet Kramer and Reinout W Wiers},
  month = {jul},
  year = {2013},
  pages = {674},
  file = {/Users/loukia/Zotero/storage/JTP3SA7R/van Deursen et al. - 2013 - Web-based cognitive bias modification for problem .pdf},
  pmid = {23870532},
  pmcid = {PMC3723484},
}
@Article{schonberg_changing_2014,
  title = {Changing Value through Cued Approach: An Automatic Mechanism of Behavior Change},
  volume = {17},
  issn = {1097-6256},
  number = {4},
  journal = {Nat. Neurosci.},
  doi = {10.1038/nn.3673},
  author = {Tom Schonberg and Akram Bakkour and Ashleigh M Hover and Jeanette A Mumford and Lakshya Nagar and Jacob Perez and Russell A Poldrack},
  year = {2014},
  pages = {625--630},
  file = {/Users/loukia/Zotero/storage/9J2KZLVI/Schonberg et al. - 2014 - Changing value through cued approach an automatic mechanism of behavior change.pdf;/Users/loukia/Zotero/storage/QWA9UK27/Schonberg et al. - 2014 - Changing value through cued approach an automatic mechanism of behavior change(2).pdf;/Users/loukia/Zotero/storage/R28WTDVX/Schonberg et al. - 2014 - Changing value through cued approach an automatic mechanism of behavior change(2).pdf;/Users/loukia/Zotero/storage/SJACVZ6K/Schonberg et al (2014).pdf},
  pmid = {24609465},
}
@Book{cameron_microeconometrics_2009,
  address = {{College Station, TX}},
  title = {Microeconometrics {{Using Stata}}},
  publisher = {{Stata Press}},
  author = {A. C. Cameron and Pravin K Trivedi},
  year = {2009},
}
@Book{cameron_microeconometrics_2005,
  address = {{Cambridge, New York}},
  title = {Microeconometrics: {{Methods}} and {{Applications}}},
  publisher = {{Cambridge University Press}},
  author = {A. C. Cameron and Pravin K Trivedi},
  year = {2005},
}

@Book{kleiber_applied_2008,
  address = {{New York}},
  title = {Applied {{Econometrics}} with {{R}}},
  publisher = {{Springer-Verlag}},
  author = {Christian Kleiber and Achim Zeileis},
  year = {2008},
}
@Article{bates_fitting_2015,
  title = {Fitting {{Linear Mixed}}-{{Effects Models Using}} Lme4},
  volume = {67},
  number = {1},
  journal = {Journal of Statistical Software},
  doi = {10.18637/jss.v067.i01},
  author = {Douglas Bates and Martin M{\"a}chler and Ben Bolker and Steve Walker},
  year = {2015},
  pages = {1--48},
}
@Article{harrison_brief_2018,
  title = {A Brief Introduction to Mixed Effects Modelling and Multi-Model Inference in Ecology},
  volume = {6},
  issn = {2167-8359},
  journal = {PeerJ},
  doi = {10.7717/peerj.4794},
  author = {Xavier A. Harrison and Lynda Donaldson and Maria Eugenia Correa-Cano and Julian Evans and David N. Fisher and Cecily E.D. Goodwin and Beth S. Robinson and David J. Hodgson and Richard Inger},
  month = {may},
  year = {2018},
  file = {/Users/loukia/Zotero/storage/X2ETCA8G/Harrison et al. - 2018 - A brief introduction to mixed effects modelling an.pdf},
  pmid = {29844961},
  pmcid = {PMC5970551},
}
@Misc{lakens_20_2015,
  title = {The 20\% {{Statistician}}: {{The}} Perfect t-Test},
  shorttitle = {The 20\% {{Statistician}}},
  journal = {The 20\% Statistician},
  author = {Daniel Lakens},
  month = {may},
  year = {2015},
  keywords = {Bayesian Statistics,Confidence Intervals,NHST,R,Statistics},
  file = {/Users/loukia/Zotero/storage/T9B7V442/the-perfect-t-test.html},
}
@Article{wilcox_measuring_2011,
  title = {Measuring Effect Size: A Robust Heteroscedastic Approach for Two or More Groups},
  volume = {38},
  issn = {0266-4763, 1360-0532},
  shorttitle = {Measuring Effect Size},
  language = {en},
  number = {7},
  journal = {Journal of Applied Statistics},
  doi = {10.1080/02664763.2010.498507},
  author = {Rand R. Wilcox and Tian S. Tian},
  month = {jul},
  year = {2011},
  pages = {1359-1368},
  file = {/Users/loukia/Zotero/storage/LQ9ILI4U/Wilcox and Tian - 2011 - Measuring effect size a robust heteroscedastic ap.pdf},
}

@Article{mair_robust_2019,
  title = {Robust Statistical Methods in {{R}} Using the {{WRS2}} Package},
  issn = {1554-3528},
  language = {en},
  journal = {Behavior Research Methods},
  doi = {10.3758/s13428-019-01246-w},
  author = {Patrick Mair and Rand Wilcox},
  month = {may},
  year = {2019},
  keywords = {R,Robust ANCOVA,Robust ANOVA,Robust mediation,Robust statistics},
}

@Article{yuen_two-sample_1974,
  title = {The Two-Sample Trimmed t for Unequal Population Variances},
  volume = {61},
  issn = {0006-3444},
  language = {en},
  number = {1},
  journal = {Biometrika},
  doi = {10.1093/biomet/61.1.165},
  author = {Karen K. Yuen},
  month = {apr},
  year = {1974},
  pages = {165-170},
  file = {/Users/loukia/Zotero/storage/ATI9N9IN/264376.html},
}
@Article{aulbach_implicit_2019,
  title = {Implicit Process Interventions in Eating Behaviour: A Meta-Analysis Examining Mediators and Moderators},
  volume = {13},
  issn = {1743-7199},
  shorttitle = {Implicit Process Interventions in Eating Behaviour},
  number = {2},
  journal = {Health Psychology Review},
  doi = {10.1080/17437199.2019.1571933},
  author = {Matthias B. Aulbach and Keegan Knittle and Ari Haukkala},
  month = {apr},
  year = {2019},
  keywords = {implicit cognition,meta-analysis,Eating,intervention,impulsivity,behaviour change},
  pages = {179-208},
  file = {/Users/loukia/Zotero/storage/KRTFXT9L/17437199.2019.html},
  pmid = {30676235},
}

@Article{carbine_quantifying_2019,
  title = {Quantifying Evidential Value and Selective Reporting in Recent and 10-Year Past Psychophysiological Literature: {{A}} Pre-Registered {{P}}-Curve Analysis},
  volume = {142},
  issn = {0167-8760},
  shorttitle = {Quantifying Evidential Value and Selective Reporting in Recent and 10-Year Past Psychophysiological Literature},
  journal = {International Journal of Psychophysiology},
  doi = {10.1016/j.ijpsycho.2019.06.004},
  author = {Kaylie A. Carbine and Hannah M. Lindsey and Rebekah E. Rodeback and Michael J. Larson},
  month = {aug},
  year = {2019},
  keywords = {-curve,Evidential value,Psychophysiology,Selective reporting},
  pages = {33-49},
  file = {/Users/loukia/Zotero/storage/WVYHP33A/Carbine et al. - 2019 - Quantifying evidential value and selective reporti.pdf;/Users/loukia/Zotero/storage/89DDKTIL/S0167876018311206.html},
}
